2601 3308
1188 269 1194 274 ‚
1246 206 1325 266 μιν

247 347 301 381 'z
328 343 371 385 2.
398 337 667 396 :Nouia-p.
691 342 769 382 us
801 343 971 382 numero
1003 339 1097 382 libri
1128 341 1313 396 neglecto
1342 340 1446 382 haec
1474 340 1657 395 profer-tx
1705 343 1903 396 Aspas'wez‘
1928 344 2073 392 mnes,
2108 347 2183 386 aad
2210 344 2328 393 ‘aa-u

235 413 397 452 qvia.
422 401 580 448 noun,
612 399 681 451 qui
706 399 747 439 in
772 399 931 440 incertis
955 399 1181 447 collocavit,
1218 402 1290 440 sed
1311 400 1358 439 iu
1380 408 1418 438 et
1441 401 1682 440 mutandum
1707 402 1869 442 censuit.
1934 401 2016 442 Sed
2039 416 2131 444 mea
2156 402 2326 445 ‹le-²00·-

245 460 378 500 Δαιΐίι
402 457 727 509 conjungendum
753 472 845 496 cum
865 471 915 496 eo
934 457 1045 509 quod
1068 456 1275 495 Charisius
1300 455 1478 501 tradidit,
1502 457 1583 495 hoc
1602 465 1722 509 pacto
1737 473 1748 495 z
1773 461 1968 508 Asparagi
1987 463 2114 500 moues
2139 465 2235 501 num
2253 461 2329 503 od

253 521 370 558 oab-121⁶
394 530 510 564 ayma.
587 513 734 567 Cyma,
772 515 845 554 etsi
884 528 934 552 ex
972 512 1163 551 omnibus
1202 511 1396 551 brassicae
1434 513 1646 564 generibus
1686 514 1915 554 suavissima
1947 524 2025 564 est,
2060 525 2159 559 teste
2190 518 2324 560 Plinio

253 573 307 616 N.
332 574 385 613 Η.
412 573 503 619 XX,
527 570 563 624 §.
590 575 657 621 35,
694 579 833 611 tamen
863 569 1012 611 inutilis
1037 568 1264 609 habebatur
1288 576 1329 609 et
1353 569 1501 609 eodem
1526 576 1689 610 auctore
1713 571 1827 620 xlx,
1850 571 1887 624 ἓ.
1913 576 1962 612 41
1988 575 2118 627 Apicii
2142 575 2323 618 luxuriae

245 630 430 674 fastidita
455 636 549 669 erat.

251 733 254 736 ⁴
328 742 389 782 u.
452 741 573 780 Haud
606 745 714 779 certa
745 738 900 779 ratione
931 739 974 780 in
1006 738 1155 780 Lexico
1186 738 1357 779 Porcell.
1393 738 1563 779 docetur
1599 741 1886 796 oenophorum
1912 755 1985 781 vas
2025 755 2115 783 esse
2152 742 2322 786 ferendo

251 797 347 840 vino
377 799 419 839 in
453 803 583 838 itinere
615 804 766 850 aptum.
835 798 979 852 Neque
1012 798 1120 838 enim
1151 798 1316 852 probari
1346 797 1389 838 id
1419 805 1553 852 potest
1584 798 1682 838 locis
1714 799 1867 839 Horatii
1897 807 1938 840 et
1968 801 2096 841 Persii
2129 802 2199 856 qui
2230 809 2325 845 sunt

241 858 333 900 Sat.
360 859 413 905 1‚-
429 861 474 905 6,
500 859 573 896 108
600 863 640 895 et
665 857 723 904 V.
751 861 823 897 14⁰
849 864 889 897 et
913 858 1173 898 adversantur
1195 856 1403 898 Juvenalis
1430 858 1509 906 vl,
1539 861 1625 898 426.
1660 859 1760 907 vn,
1787 862 1834 899 11
1860 873 1907 899 ac
1931 859 2124 900 Martialis
2152 861 2230 910 V1·‚·
2255 865 2320 904 89.

246 915 302 955 cf.
329 913 466 954 Schol.
502 911 627 967 Cruq.
658 913 701 953 in
727 915 826 955 Hor.
853 915 934 956 Sat.
960 916 1021 966 11,
1053 918 1097 965 8,
1128 918 1190 957 38.
1254 914 1396 959 Lucilii
1430 921 1565 954 autem
1597 928 1714 955 versu
1746 928 1824 970 pro
1856 916 1966 957 istim
1997 916 2057 956 rei
2084 917 2318 965 testimonio

246 972 306 1012 uti
331 986 417 1012 non
441 971 545 1011 licet.
2302 1004 2309 1009 .

243 1131 248 1136 .
326 1086 386 1124 12.
449 1084 500 1121 In
537 1096 708 1121 numero
747 1082 837 1120 libri
875 1096 970 1121 cum
1000 1083 1127 1122 Merc.
1158 1087 1197 1123 2.
1231 1085 1487 1124 consentiunt
1508 1087 1654 1124 venet.
1687 1091 1729 1122 et
1757 1085 1848 1125 Bas.
1879 1087 1960 1125 Lab.
1993 1087 2096 1125 VIII
2123 1085 2251 1126 Merc.
2280 1082 2320 1135 1,

247 1155 371 1194 quam
388 1141 529 1180 Dousa
555 1148 615 1179 est
639 1148 805 1179 secutus.
854 1139 1047 1180 Ceterum
1073 1146 1231 1181 amicula
1248 1144 1393 1182 Venet.
1420 1148 1610 1189 annicula,
1636 1159 1791 1194 aspera,
1816 1153 1930 1195 atque
1950 1154 2200 1194 praenosces!
2215 1143 2321 1193 suec

246 1197 373 1242 Mero.
400 1201 425 1236 2
452 1197 563 1251 quod
595 1211 678 1236 non
712 1197 829 1236 video
865 1211 947 1251 quo
982 1198 1060 1238 alio
1094 1198 1221 1238 modo
1253 1200 1439 1253 explicari
1472 1200 1600 1255 possit
1626 1214 1748 1254 quam
1774 1200 1853 1241 sic:
1892 1214 2030 1255 aspera
2057 1199 2173 1250 (illa)
2198 1206 2320 1255 atque

246 1268 420 1310 praecox
446 1256 538 1306 fuga
565 1256 746 1293 annicula
773 1254 843 1293 est.
894 1258 949 1293 At
980 1257 1032 1293 ita
1059 1263 1241 1293 contorte
1274 1258 1417 1294 dixisse
1443 1259 1641 1295 Lucilium
1666 1273 1750 1295 non
1776 1258 1914 1304 credo,
1953 1272 2187 1309 quanquam
2210 1259 2319 1297 nubit

246 1312 427 1353 animum
454 1311 625 1364 suspicio
653 1310 848 1364 quaedam
876 1311 926 1351 de
951 1312 1169 1351 verborum
1194 1312 1427 1364 integritate.
1482 1312 1619 1365 Quare
1646 1328 1747 1367 quae
1766 1314 1898 1367 recepi
1924 1314 2069 1354 intacta
2087 1314 2317 1368 relinquere

246 1369 415 1413 fortasse
446 1376 618 1422 praestat
651 1383 773 1421 quam
803 1369 905 1409 velle
937 1370 1148 1423 corrigere.
1212 1371 1371 1409 Tamen
1402 1383 1633 1423 proponam
1665 1371 1777 1426 quod
1807 1371 1953 1423 sentio,
1990 1378 2036 1412 ut
2060 1372 2126 1412 alii
2151 1369 2317 1415 videant

238 1427 278 1474 ,οἱ
304 1434 494 1480 poterunt
516 1426 710 1468 meliora:
2274 1440 2300 1447 ··

1278 1514 1415 1555 aspera
1444 1503 1588 1553 anicla,

604 1562 731 1613 Atque
752 1559 857 1610 suga
887 1567 948 1600 est
977 1573 1155 1614 praet-0:13.

320 1684 382 1723 13.
444 1681 568 1735 Apud
593 1689 955 1735 commentatorem
983 1682 1153 1736 Cruquii
1178 1682 1281 1732 haec
1302 1688 1488 1722 annotata
1516 1689 1631 1722 sunt:
1682 1686 1820 1723 „Mala
1844 1686 1967 1723 lustra
1991 1681 2089 1721 dixit
2112 1688 2312 1735 perpetuo

238 1736 443 1794 epitheto,
480 1753 555 1777 nec
581 1740 690 1778 enim
717 1748 809 1778 sunt
834 1737 957 1786 bona,
995 1747 1040 1779 ut
1065 1741 1115 1779 ad
1142 1754 1285 1778 eorum
1311 1739 1592 1778 discretionem
1625 1740 1729 1779 mala
1756 1741 1909 1778 dixerit.
1962 1739 2028 1778 Sic
2053 1745 2094 1777 et
2117 1753 2140 1778 a
2164 1736 2311 1780 Plauto

243 1801 416 1839 Athenae
440 1799 593 1837 Atticae
619 1805 658 1836 et
683 1813 704 1836 a
732 1798 886 1836 Lucilio
915 1802 1105 1849 Campana
1132 1801 1301 1849 Capua.“
1339 1797 1494 1835 Eadem
1522 1797 1661 1836 iisdem
1686 1798 1817 1836 verbis
1844 1796 1885 1835 in
1911 1796 1996 1836 sch.
2023 1796 2221 1849 Porphyr.
2246 1805 2311 1837 re*-

242 1863 452 1911 petuntur‚
488 1854 564 1892 nisi
591 1854 700 1906 quod
725 1862 929 1906 postrema
955 1856 1006 1894 ita
1034 1856 1317 1894 immutantur:
1368 1853 1461 1892 „Sic
1487 1853 1630 1892 dicitur
1654 1867 1675 1892 a
1704 1854 1843 1894 Plauto
1869 1857 2027 1894 Athen&
2052 1855 2189 1897 Atra-is
2222 1861 2264 1895 et
2286 1868 2312 1896 a

242 1912 399 1955 Lucilio
428 1914 615 1962 Campana
641 1913 779 1961 Capua.
789 1922 808 1937 ‘³
860 1911 956 1961 Quo
982 1912 1107 1948 modo
1133 1911 1178 1948 fit
1201 1910 1409 1963 probabile
1436 1909 1534 1948 haec
1560 1923 1723 1963 quoque
1749 1924 1842 1949 casu
1864 1911 2040 1950 ablativo
2064 1911 2194 1963 posita
2214 1924 2312 1952 esse.

241 1971 352 2012 Nam
376 1972 537 2008 Athenis
561 1971 700 2006 Atticis
724 1976 786 2006 ter
811 1974 869 2006 est
894 1968 1000 2019 apud
1026 1967 1162 2005 illum:
1200 1967 1319 2018 Epid.
1334 1968 1411 2013 111,
1435 1972 1478 2013 4,
1499 1971 1561 2005 6⁵.
1594 1967 1751 2015 Mi1.11,
1778 1973 1819 2016 1,
1836 1972 1898 2007 22.
1932 1968 2119 2008 Pseudol.
2134 1969 2170 2015 1,
2195 1973 2231 2017 5,
2252 1972 2311 2012 12.

234 2027 371 2068 semel
396 2028 568 2066 Athenas
594 2026 744 2064 Atticas
770 2024 930 2063 Trucul.
958 2025 1015 2071 11,
1040 2028 1082 2071 6,
1109 2027 1169 2063 16.
1228 2023 1387 2062 verum
1414 2029 1454 2062 et
1478 2023 1606 2062 levior
1631 2025 1728 2063 haec
1751 2039 1816 2064 res
1843 2032 1903 2065 est
1927 2033 1968 2065 et
1993 2039 2094 2079 quae
2120 2025 2172 2065 ad
2197 2026 2315 2080 liqui-

235 2073 345 2124 ·duin
370 2083 536 2137 perduci
562 2096 646 2120 non
672 2081 808 2133 possit.
858 2081 1026 2129 Majoris
1052 2079 1249 2118 momenti
1277 2086 1338 2117 est
1361 2092 1569 2131 quaerere,
1595 2093 1804 2134 nunquam
1830 2082 1911 2120 vim
1937 2082 2113 2122 habeant
2137 2084 2310 2137 epitheta

242 2142 310 2182 illa
343 2147 537 2194 perpetua
571 2147 611 2177 et
643 2153 872 2190 quamnam.
949 2139 985 2176 A
1021 2137 1242 2176 scholiastis
1276 2137 1430 2175 Horatii
1466 2137 1647 2176 dissentit
1680 2140 1844 2183 Pareus,
1882 2140 1951 2189 qui
1981 2140 2024 2177 in
2055 2141 2150 2177 Lex.
2176 2141 2259 2178 crit.
2284 2154 2310 2180 ι

241 2199 385 2241 Plauto
415 2199 568 2238 Atticas
599 2198 770 2235 Athenas
802 2194 879 2233 dici
911 2200 1040 2247 putat,
1085 2193 1178 2247 quia
1210 2193 1347 2248 plures
1373 2192 1555 2233 Athenae
1588 2193 1753 2241 suerint,
1791 2194 2006 2234 Boeoticae
2039 2201 2080 2233 et
2103 2195 2309 2239 Euboicae

241 2250 434 2310 aliaeque.
498 2256 640 2307 Neque
671 2254 882 2292 assentitur
907 2251 1146 2299 Lambinus,
1183 2266 1281 2290 nam·
1305 2256 1406 2290 mala
1431 2257 1550 2291 lustra
1581 2252 1687 2303 apud
1713 2253 1924 2291 Horatium
1950 2256 2026 2291 hoc
2051 2252 2229 2304 epitheto
2254 2256 2311 2297 ait

238 2314 427 2354 ,distincta
464 2328 551 2352 esse
589 2314 639 2351 ab
682 2311 728 2349 iis
760 2309 1045 2362 voluptatibus,
1091 2322 1192 2361 quae
1228 2309 1381 2360 legibus
1414 2309 1591 2348 civilibus
1627 2322 1834 2348 concessae
1866 2315 1906 2347 et
1936 2309 2128 2348 ferendae
2162 2315 2308 2354 essent.

241 2371 414 2424 Propius
439 2371 576 2422 utique
603 2369 654 2407 ad
679 2368 886 2405 veritatem
912 2373 1245 2405 commentatores
1271 2366 1326 2403 illi
1351 2374 1615 2412 accesserunt,
1640 2373 1683 2404 ut
1709 2381 1756 2405 ex
1775 2366 1820 2404 iis
1840 2367 2025 2418 cognosci
2049 2373 2186 2418 potest
2203 2382 2308 2423 quae

243 2429 296 2470 ad
322 2430 419 2468 Hor.
443 2427 568 2479 Epist.
597 2428 635 2473 I,
662 2430 727 2472 1⁰,
754 2429 803 2465 48
830 2424 982 2476 egregie
1003 2423 1175 2475 disputat
1195 2421 1407 2462 Obbarius.
1447 2424 1729 2475 Abexemplis
1755 2431 1890 2463 tamen
1917 2436 2094 2477 quorum
2117 2438 2307 2480 magnam

243 2487 404 2539 copiam
434 2483 671 2536 conquisivit
706 2481 888 2520 nonnihil
929 2480 1124 2518 differunt
1155 2480 1281 2518 Plauti
1313 2488 1353 2519 et
1383 2481 1523 2519 Lucilii
1559 2481 1680 2518 verba
1713 2482 1763 2519 ab
1799 2494 1848 2519 eo
1879 2482 2073 2534 neglecta.
2143 2485 2304 2524 Etenim

238 2555 372 2598 quum
396 2558 432 2582 v.
459 2558 492 2582 c.
525 2543 672 2580 humida
705 2543 789 2577 vina
820 2546 859 2576 et
890 2541 1063 2589 liquidum
1095 2553 1236 2589 aequor
1267 2545 1308 2577 et
1338 2537 1515 2586 ejusdem
1549 2538 1705 2589 generis
1739 2546 1871 2578 cetera
1903 2539 1957 2579 ita
1997 2541 2074 2579 sint
2102 2539 2222 2587 dicta,
2251 2548 2306 2582 ”ut

235 2602 436 2652 ,adjectiva
462 2613 546 2640 non
571 2597 743 2637 afferant
768 2595 987 2648 quidquam
1013 2595 1124 2643 novi,
1149 2595 1220 2635 sed
1245 2603 1290 2634 ut
1315 2595 1372 2635 rei
1400 2609 1476 2647 qua
1503 2594 1552 2634 de
1578 2594 1708 2646 agitur
1731 2595 1939 2648 propriam
1963 2604 2144 2636 naturam
2171 2596 2304 2639 decla·

242 2666 336 2701 rent
358 2659 564 2711 magisque
590 2656 633 2694 in
658 2654 781 2693 animi
807 2668 925 2692 sensu
944 2660 1119 2707 ponant:
1157 2653 1199 2691 in
1219 2652 1282 2691 his
1303 2666 1405 2705 quae
1425 2659 1517 2691 sunt
1538 2655 1711 2692 Athenae
1729 2656 1881 2692 Atticae
1905 2660 1944 2691 et
1969 2655 2155 2703 Campana
2174 2656 2306 2707 Cap-a

243 2729 331 2757 non
363 2716 545 2756 dubitem
579 2713 676 2766 quin
707 2711 799 2751 insit
830 2711 939 2763 quod
972 2711 1023 2750 ad
1055 2724 1189 2749 mores
1222 2711 1429 2763 utriusque
1460 2711 1600 2762 populi
1635 2718 1796 2763 spectet.
1844 2712 1976 2760 Atque
2005 2710 2104 2749 illud
2137 2713 2305 2764 quidem

243 2771 371 2812 laudis
396 2772 547 2826 aliquid
572 2771 723 2810 habere
749 2768 867 2816 solet,
904 2768 1057 2808 etiamsi
1082 2782 1165 2807 non
1190 2781 1373 2821 semper:
1411 2767 1504 2806 huic
1529 2775 1680 2815 autem,
1719 2779 1840 2819 quum
1866 2763 2090 2819 Campania
2118 2770 2307 2814 omnium

237 2829 380 2873 ‚Italiae
404 2831 618 2893 regionum
642 2828 867 2873 felicissima
893 2826 1203 2881 praedicaretur,
1236 2834 1276 2868 at
1300 2826 1482 2877 ejusdem
1505 2826 1656 2866 incolae
1680 2823 2019 2924 apud³1toman0⁸
2042 2824 2230 2878 pluribus
2254 2829 2307 2877 de
