2601 3308
256 344 282 375 a
299 312 462 378 Omnia
483 327 624 375 ferme
645 324 692 386 id
715 335 872 391 genus,
910 324 1069 390 quibus
1090 323 1340 391 plantarum
1365 326 1504 376 calces
1525 337 1696 375 tantum
1718 327 1899 376 infimae
1919 336 2148 393 teguntur,
2186 334 2334 379 odera

248 392 391 455 Prope
423 390 542 437 nuda
576 399 620 433 et
650 388 856 434 teretibus
887 388 1071 433 habenis
1102 389 1245 435 vincta
1277 400 1396 442 sunt,
1433 391 1573 436 soleas
1603 391 1824 447 dixerunt,
1864 407 2184 454 nonnunquam
2215 407 2329 438 voce

249 456 420 502 Graeca
451 448 708 513 crepidulas.
725 467 749 489 «
802 449 912 497 Gell.
934 453 1059 503 XIII,
1090 459 1169 496 21.
1228 450 1381 496 Soleas
1412 453 1553 512 poscit
1583 454 1659 514 qui
1691 464 1757 498 est
1788 471 1815 498 a
1845 471 1954 499 cena
1986 452 2273 500 surrecturus.

180 645 184 648 χ
307 596 384 641 18.
444 596 561 641 Non.
583 598 625 651 I,
656 603 756 642 102.
778 608 822 654 p.
845 600 933 639 25:
969 591 1152 638 Bronci
1172 603 1276 639 sunt
1302 592 1523 656 producto
1552 612 1630 640 ore
1658 604 1702 640 et
1730 593 1934 641 dentibus
1959 594 2321 658 prominentibus.

246 656 437 719 Lucilius
467 661 555 702 111:

531 726 739 788 Broncu'
769 725 892 773 bovis·
921 728 1081 774 lam'us
1111 728 1249 775 dente
1278 729 1469 776 adverso
1501 730 1705 777 eminulo
1735 730 1813 778 hic
1841 739 1924 783 est.

530 800 821 857 Rhinoceros
852 804 970 846 velut
998 802 1271 863 Aethiopus.

240 891 343 934 Hoc
374 886 435 932 sic
467 883 629 931 dictum
663 898 727 931 est
760 887 882 947 quasi
912 888 1140 935 bestiarius
1172 890 1331 951 petitus
1363 890 1426 934 sit.
1489 892 1595 936 Non
1630 889 1843 934 dissimilis
1876 906 2031 934 eorum
2062 887 2173 932 ratio
2202 903 2318 949 quae

240 949 366 1058 prior
388 951 650 993 ‘Sarmentus
684 948 832 1007 objicit
862 967 902 994 v.
938 959 1022 994 56:
1071 951 1203 1013 Equi
1231 961 1273 996 te
1304 968 1397 997 esse
1412 951 1518 1011 seri
1545 953 1743 1003 similem
1776 951 1894 996 dico.
1976 952 2241 1009 Quanquam
2274 956 2321 1018 et

267 1010 448 1059 εικτικῶς
477 1009 565 1053 hoc
602 1008 754 1071 aliquis
794 1008 988 1054 elocutus
1019 1010 1191 1057 videtur
1229 1030 1321 1057 esse
1361 1023 1403 1057 et
1435 1013 1579 1075 ipsum
1613 1012 1734 1075 quod
1770 1011 1965 1076 tangitur
1992 1010 2146 1060 vitium
2180 1025 2319 1072 magns
2385 1013 2407 1063 j

240 1071 302 1117 illi
334 1081 401 1117 est
430 1070 568 1115 simile
601 1071 722 1132 quod
753 1074 986 1116 sarmento
1018 1073 1253 1135 exprobrat
1282 1075 1468 1119 Messius
1498 1093 1540 1122 v.
1575 1084 1651 1121 58.

303 1213 377 1259 19.
438 1212 558 1261 Non.
589 1216 672 1268 ΙΙΙ,
708 1222 808 1260 158.
840 1231 883 1276 p.
920 1224 1020 1262 127.
1538 1282 1541 1285 .

506 1298 643 1343 ‘Non
668 1300 858 1358 peperit,
910 1316 1064 1344 verum
1088 1301 1275 1360 postica
1298 1309 1435 1361 parte
1459 1302 1684 1361 profudit.

301 1440 377 1486 20.
436 1439 577 1485 Prisc.
606 1455 650 1501 p.
684 1448 772 1485 880
804 1442 859 1484 P.
921 1443 982 1494 X,
1015 1448 1056 1484 2.
1087 1443 1121 1484 Ι.
1153 1456 1198 1502 p.
1232 1449 1320 1487 478
1352 1443 1432 1484 Kr.

534 1523 822 1570 Conturbare
852 1525 1073 1571 animam
1099 1526 1224 1588 potis
1254 1536 1319 1571 est
1350 1526 1615 1590 quicunque
1647 1524 1871 1571 adoritur.

263 1652 273 1656 ι
301 1667 378 1714 21.
441 1668 611 1712 comm.
641 1677 725 1712 vet.
756 1668 801 1712 in
830 1671 929 1714 Juv.
961 1673 1041 1722 ΠΙ,
1078 1679 1179 1715 158.
1247 1672 1409 1713 Donat.
1429 1668 1487 1727 ¹in
1521 1671 1622 1713 Ter.
1657 1667 1839 1712 Phorm.
1871 1669 1911 1719 I,
1946 1675 1993 1719 3,
2030 1674 2114 1711 11:
2159 1663 2317 1711 Abun-

243 1728 349 1775 dare
381 1728 538 1772 dicitur
570 1727 645 1788 qui
677 1744 880 1772 successu
910 1745 1126 1790 prospero
1158 1729 1304 1772 affluit.
1366 1728 1556 1772 Lucilius
1588 1731 1677 1770 111:
1892 1747 1897 1752 ·

1224 1814 1304 1857 ille
1337 1816 1456 1857 alter
1485 1813 1742 1857 abundans

535 1883 656 1929 Cum
686 1894 858 1944 septem
889 1886 1138 1930 incolumis·
1160 1886 1322 1944 pinnis
1351 1887 1470 1929 redit
1500 1903 1562 1929 ac
1590 1885 1749 1944 reczpz't
1776 1899 1840 1928 se.

241 1974 347 2018 Duo
385 1969 498 2013 haec
534 1970 777 2030 fragmenta
817 1981 1028 2031 quantum
1064 1969 1193 2016 video
1234 1970 1325 2014 sola
1358 1988 1410 2014 ex
1445 1970 1697 2014 narratione
1729 1977 1964 2030 supersunt
2002 1983 2115 2029 quae
2146 1965 2229 2013 suit
2258 1964 2314 2013 de

244 2030 480 2077 certamine
547 2030 788 2074 ladiatorio.
867 2032 1069 2075 Priorem
1099 2048 1275 2075 versum
1315 2048 1365 2074 ex
1398 2030 1613 2089 ejusmodi
1652 2048 1855 2075 sermone
1890 2040 2111 2091 sumptum
2144 2029 2315 2092 opinor,

246 2092 385 2155 qualis
418 2101 483 2135 est
513 2092 623 2136 ilius
641 2090 891 2136 Pacideiani
923 2109 992 2152 ap.
1016 2091 1105 2135 Cic.
1130 2095 1261 2136 Tusc.
1282 2094 1356 2145 IV,
1389 2102 1463 2137 21.
1521 2094 1638 2137 Nam
1662 2092 1916 2152 priusquam
1944 2090 2317 2152 congrederentur

276 2152 506 2198 ladiatores
544 2153 658 2196 inter
699 2170 744 2195 se
787 2152 1176 2213 colloquebantur:
1240 2170 1372 2214 quam
1410 2153 1468 2197 ob
1509 2170 1601 2196 rem
1639 2153 1845 2196 Horatius
1888 2153 2098 2196 duellum
2134 2153 2313 2195 lentum

244 2171 349 2261 dixit
378 2213 512 2276 Epist.
543 2218 605 2267 ΙΙ,
638 2223 679 2267 2,
714 2222 786 2260 98.
877 2216 942 2258 Ex
974 2212 1110 2258 altero
1142 2214 1241 2259 loco
1275 2214 1553 2277 cognoscitur
1590 2213 1663 2275 qui
1694 2213 1856 2258 vicerat
1895 2212 2025 2257 fuisse
2058 2211 2312 2258 Samnitem.

243 2275 458 2324 Samnites
496 2275 611 2319 enim
649 2275 778 2338 primi
818 2275 899 2319 sibi
937 2285 1112 2336 praeter
1149 2276 1229 2319 alia
1269 2277 1412 2338 galeas
1451 2276 1640 2321 cristatas
1672 2274 1926 2326 induerant,
1973 2291 2086 2334 quae
2117 2273 2312 2336 speciem

242 2336 531 2399 magnitudini
562 2354 799 2398 corporum
832 2335 1056 2380 adderent.
1118 2340 1275 2396 quue
1308 2349 1485 2391 ornatu,
1516 2337 1655 2399 inquit
1685 2336 1829 2381 Livius
1860 2340 1942 2387 lx,
1975 2345 2054 2388 40,
2097 2335 2314 2398 Campani

243 2398 300 2445 ab
344 2397 547 2458 superbia
592 2408 636 2442 et
680 2396 782 2441 odio
827 2397 939 2441 illius
982 2396 1121 2457 gentis
1168 2396 1428 2457 gladiatores
1475 2408 1700 2443 armarunt
1742 2396 2089 2458 Samnitiumque
2131 2396 2310 2441 nomine

245 2457 574 2522 compellarunt.
636 2460 837 2520 Utraque
866 2475 934 2502 res
966 2457 1011 2502 in
1044 2475 1214 2502 morem
1246 2469 1397 2529 postea
1430 2459 1548 2504 venit
1579 2458 1697 2520 apud
1729 2463 1985 2504 Romanos:
2021 2456 2143 2504 unde
2167 2461 2309 2503 Varro

245 2521 302 2566 de
330 2525 380 2565 L.
403 2524 455 2564 L.
484 2523 538 2568 V,
573 2528 643 2564 32.
677 2536 718 2579 p.
747 2530 831 2564 144
859 2523 934 2580 Sp.
968 2519 1053 2562 sic:
1100 2524 1259 2564 »Muri
1291 2538 1459 2564 summa
1486 2522 1668 2580 pinnae
1699 2520 1754 2564 ab
1785 2520 1854 2563 his
1886 2537 1994 2581 quas
2017 2519 2204 2579 insigniti
2233 2517 2310 2574 (ἓ)

242 2582 400 2628 milites
430 2579 594 2625 habere
625 2579 670 2623 in
703 2579 833 2639 galeis
865 2579 1007 2624 solent
1038 2578 1201 2640 (πτεςοὲ
1229 2577 1409 2638 φοινίκιαι
1437 2581 1458 2627 ἢ
1486 2584 1647 2637 μέλανα
1676 2578 1790 2642 ὅςθαὶ
1818 2576 1930 2640 reia,
1965 2578 2019 2629 ὦς
2042 2581 2237 2632 πηχυαῖα
2258 2575 2309 2622 τό

243 2642 443 2701 μέγεθος.
487 2640 645 2705 Polyb.
674 2643 755 2694 Vl,
791 2639 876 2697 23)
925 2652 968 2687 et
997 2641 1043 2686 in
1075 2640 1385 2704 gladiatoribus
1418 2641 1685 2689 Samnites«
1772 2641 1941 2701 Quibus
1972 2648 2080 2702 quot
2111 2637 2309 2701 quodam

242 2712 446 2768 tempore
476 2714 552 2749 aut
580 2702 679 2747 loco
710 2702 873 2748 fuerint
901 2703 995 2767 ipse
1026 2704 1216 2750 Lucilius
1248 2704 1391 2756 docet.
1456 2705 1520 2750 Cf.
1549 2708 1708 2751 Juven.
1740 2707 1820 2756 VI,
1851 2709 1953 2746 256.

1117 2825 1143 2850 0
1263 2825 1288 2850 0
1411 2826 1436 2851 0
