<?xml version="1.0" encoding="UTF-8"?>
<!DOCTYPE html PUBLIC "-//W3C//DTD XHTML 1.0 Transitional//EN"
    "http://www.w3.org/TR/xhtml1/DTD/xhtml1-transitional.dtd">
<html xmlns="http://www.w3.org/1999/xhtml" xml:lang="en" lang="en">
 <head>
  <title>
</title>
<meta http-equiv="Content-Type" content="text/html;charset=utf-8" />
  <meta name='ocr-system' content='tesseract 3.04.00' />
  <meta name='ocr-capabilities' content='ocr_page ocr_carea ocr_par ocr_line ocrx_word'/>
</head>
<body>
  <div class='ocr_page' id='page_1' title='image "./4769551_0010.png"; bbox 0 0 2601 3308; ppageno 0'>
   <div class='ocr_carea' id='block_1_1' title="bbox 0 0 2601 510">
    <p class='ocr_par' dir='ltr' id='par_1_1' title="bbox 0 0 2601 510">
     <span class='ocr_line' id='line_1_1' title="bbox 0 0 2601 510; baseline 0 2798"><span class='ocrx_word' id='word_1_1' title='bbox 0 0 2601 510; x_wconf 95' lang='lat' dir='ltr'><strong> </strong></span> 
     </span>
    </p>
   </div>
   <div class='ocr_carea' id='block_1_2' title="bbox 525 699 1853 837">
    <p class='ocr_par' dir='ltr' id='par_1_2' title="bbox 525 699 1853 837">
     <span class='ocr_line' id='line_1_2' title="bbox 525 699 1853 837; baseline 0.001 -1"><span class='ocrx_word' id='word_1_2' title='bbox 525 792 564 816; x_wconf 46' lang='grc' dir='ltr'><strong>-ι</strong></span> <span class='ocrx_word' id='word_1_3' title='bbox 731 759 805 836; x_wconf 77' lang='lat' dir='ltr'><strong>e.</strong></span> <span class='ocrx_word' id='word_1_4' title='bbox 833 759 1220 837; x_wconf 85' lang='lat' dir='ltr'><strong>LUCILII</strong></span> <span class='ocrx_word' id='word_1_5' title='bbox 1274 699 1853 837; x_wconf 79' lang='lat' dir='ltr'><strong>SATIRARUM</strong></span> 
     </span>
    </p>
   </div>
   <div class='ocr_carea' id='block_1_3' title="bbox 550 908 2028 955">
    <p class='ocr_par' dir='ltr' id='par_1_3' title="bbox 550 908 2028 955">
     <span class='ocr_line' id='line_1_3' title="bbox 550 908 2028 955; baseline -0.001 -8"><span class='ocrx_word' id='word_1_6' title='bbox 550 908 747 951; x_wconf 64' lang='lat' dir='ltr'><strong>QUAE</strong></span> <span class='ocrx_word' id='word_1_7' title='bbox 779 911 894 948; x_wconf 27' lang='lat' dir='ltr'><strong>‘Ex</strong></span> <span class='ocrx_word' id='word_1_8' title='bbox 943 910 1177 949; x_wconf 70' lang='lat' dir='ltr'><strong>numo</strong></span> <span class='ocrx_word' id='word_1_9' title='bbox 1229 912 1519 949; x_wconf 68' lang='lat' dir='ltr'><strong>Tnn&#39;rlo</strong></span> <span class='ocrx_word' id='word_1_10' title='bbox 1571 910 2028 955; x_wconf 57' lang='lat' dir='ltr'><strong>sul-,Ensnnm</strong></span> 
     </span>
    </p>
   </div>
   <div class='ocr_carea' id='block_1_4' title="bbox 251 1265 2328 2162">
    <p class='ocr_par' dir='ltr' id='par_1_4' title="bbox 251 1265 2328 2162">
     <span class='ocr_line' id='line_1_4' title="bbox 256 1265 2325 1366; baseline 0 -17"><span class='ocrx_word' id='word_1_11' title='bbox 256 1265 627 1349; x_wconf 69' lang='lat' dir='ltr'><strong>commentator</strong></span> <span class='ocrx_word' id='word_1_12' title='bbox 674 1304 854 1365; x_wconf 88' lang='lat' dir='ltr'><strong>Cruquii</strong></span> <span class='ocrx_word' id='word_1_13' title='bbox 900 1302 957 1347; x_wconf 90' lang='lat' dir='ltr'><strong>ad</strong></span> <span class='ocrx_word' id='word_1_14' title='bbox 1002 1302 1172 1348; x_wconf 88' lang='lat' dir='ltr'><strong>initium</strong></span> <span class='ocrx_word' id='word_1_15' title='bbox 1220 1307 1308 1348; x_wconf 84' lang='lat' dir='ltr'><strong>Sat.</strong></span> <span class='ocrx_word' id='word_1_16' title='bbox 1350 1306 1459 1346; x_wconf 88' lang='lat' dir='ltr'><strong>Hor.</strong></span> <span class='ocrx_word' id='word_1_17' title='bbox 1501 1307 1540 1356; x_wconf 92' lang='grc' dir='ltr'><strong>Ι,</strong></span> <span class='ocrx_word' id='word_1_18' title='bbox 1588 1313 1614 1348; x_wconf 84' lang='grc'><strong><em>5</em></strong></span> <span class='ocrx_word' id='word_1_19' title='bbox 1661 1304 1902 1349; x_wconf 86' lang='lat' dir='ltr'><strong>memoriae</strong></span> <span class='ocrx_word' id='word_1_20' title='bbox 1943 1304 2058 1350; x_wconf 67' lang='lat' dir='ltr'><strong>&#39;haec</strong></span> <span class='ocrx_word' id='word_1_21' title='bbox 2101 1303 2325 1366; x_wconf 82' lang='lat' dir='ltr'>prodidit:</span> 
     </span>
     <span class='ocr_line' id='line_1_5' title="bbox 260 1374 2325 1437; baseline 0.002 -18"><span class='ocrx_word' id='word_1_22' title='bbox 260 1375 490 1420; x_wconf 78' lang='lat' dir='ltr'><strong>»Lucilius</strong></span> <span class='ocrx_word' id='word_1_23' title='bbox 522 1375 635 1420; x_wconf 90' lang='lat' dir='ltr'><strong>libro</strong></span> <span class='ocrx_word' id='word_1_24' title='bbox 668 1376 796 1420; x_wconf 85' lang='lat' dir='ltr'><strong>tertio</strong></span> <span class='ocrx_word' id='word_1_25' title='bbox 831 1374 1057 1436; x_wconf 80' lang='lat' dir='ltr'><strong>descripsit</strong></span> <span class='ocrx_word' id='word_1_26' title='bbox 1086 1376 1170 1420; x_wconf 86' lang='lat' dir='ltr'><strong>iter</strong></span> <span class='ocrx_word' id='word_1_27' title='bbox 1202 1393 1329 1420; x_wconf 90' lang='lat' dir='ltr'><strong>suum</strong></span> <span class='ocrx_word' id='word_1_28' title='bbox 1362 1374 1483 1434; x_wconf 88' lang='lat' dir='ltr'><strong>quod</strong></span> <span class='ocrx_word' id='word_1_29' title='bbox 1515 1379 1658 1419; x_wconf 82' lang='lat' dir='ltr'><strong>Roma</strong></span> <span class='ocrx_word' id='word_1_30' title='bbox 1690 1376 1792 1421; x_wconf 84' lang='lat' dir='ltr'><strong>fecit</strong></span> <span class='ocrx_word' id='word_1_31' title='bbox 1825 1379 2023 1437; x_wconf 85' lang='lat' dir='ltr'>Capuam</span> <span class='ocrx_word' id='word_1_32' title='bbox 2056 1388 2100 1421; x_wconf 91' lang='lat' dir='ltr'><strong>et</strong></span> <span class='ocrx_word' id='word_1_33' title='bbox 2129 1376 2234 1423; x_wconf 77' lang='lat' dir='ltr'><strong>inde</strong></span> <span class='ocrx_word' id='word_1_34' title='bbox 2266 1376 2325 1423; x_wconf 84' lang='lat' dir='ltr'><strong>ad</strong></span> 
     </span>
     <span class='ocr_line' id='line_1_6' title="bbox 253 1446 2326 1510; baseline 0 -17"><span class='ocrx_word' id='word_1_35' title='bbox 253 1446 416 1494; x_wconf 79' lang='lat' dir='ltr'><strong>fretum</strong></span> <span class='ocrx_word' id='word_1_36' title='bbox 446 1467 587 1510; x_wconf 90' lang='lat' dir='ltr'><strong>usque</strong></span> <span class='ocrx_word' id='word_1_37' title='bbox 620 1448 851 1501; x_wconf 83' lang='lat' dir='ltr'><strong>Siciliense.</strong></span> <span class='ocrx_word' id='word_1_38' title='bbox 930 1451 1063 1492; x_wconf 85' lang='lat' dir='ltr'><strong>Hunc</strong></span> <span class='ocrx_word' id='word_1_39' title='bbox 1092 1447 1281 1491; x_wconf 87' lang='lat' dir='ltr'><strong>imitatus</strong></span> <span class='ocrx_word' id='word_1_40' title='bbox 1313 1446 1519 1491; x_wconf 88' lang='lat' dir='ltr'><strong>Horatius</strong></span> <span class='ocrx_word' id='word_1_41' title='bbox 1560 1447 1643 1491; x_wconf 90' lang='lat' dir='ltr'><strong>iter</strong></span> <span class='ocrx_word' id='word_1_42' title='bbox 1675 1466 1803 1493; x_wconf 90' lang='lat' dir='ltr'><strong>suum</strong></span> <span class='ocrx_word' id='word_1_43' title='bbox 1842 1448 1897 1492; x_wconf 91' lang='lat' dir='ltr'><strong>ab</strong></span> <span class='ocrx_word' id='word_1_44' title='bbox 1929 1448 2040 1493; x_wconf 91' lang='lat' dir='ltr'><strong>urbe</strong></span> <span class='ocrx_word' id='word_1_45' title='bbox 2071 1453 2217 1494; x_wconf 85' lang='lat' dir='ltr'><strong>Roma</strong></span> <span class='ocrx_word' id='word_1_46' title='bbox 2250 1448 2326 1495; x_wconf 91' lang='lat' dir='ltr'><strong>de-</strong></span> 
     </span>
     <span class='ocr_line' id='line_1_7' title="bbox 254 1519 2328 1583; baseline -0 -16"><span class='ocrx_word' id='word_1_47' title='bbox 254 1520 425 1583; x_wconf 76' lang='lat' dir='ltr'><strong>scripsit</strong></span> <span class='ocrx_word' id='word_1_48' title='bbox 459 1520 744 1566; x_wconf 87' lang='lat' dir='ltr'><strong>Brundisium</strong></span> <span class='ocrx_word' id='word_1_49' title='bbox 791 1537 952 1582; x_wconf 89' lang='lat' dir='ltr'><strong>usque,</strong></span> <span class='ocrx_word' id='word_1_50' title='bbox 1007 1522 1357 1565; x_wconf 70' lang='lat' dir='ltr'><strong>commemorans</strong></span> <span class='ocrx_word' id='word_1_51' title='bbox 1408 1520 1500 1579; x_wconf 87' lang='lat' dir='ltr'><strong>ejus</strong></span> <span class='ocrx_word' id='word_1_52' title='bbox 1549 1520 1712 1564; x_wconf 86' lang='lat' dir='ltr'><strong>itineris</strong></span> <span class='ocrx_word' id='word_1_53' title='bbox 1754 1519 2055 1574; x_wconf 89' lang='lat' dir='ltr'><strong>incommoda,</strong></span> <span class='ocrx_word' id='word_1_54' title='bbox 2111 1520 2239 1566; x_wconf 86' lang='lat' dir='ltr'><strong>simul</strong></span> <span class='ocrx_word' id='word_1_55' title='bbox 2285 1531 2328 1566; x_wconf 90' lang='lat' dir='ltr'><strong>et</strong></span> 
     </span>
     <span class='ocr_line' id='line_1_8' title="bbox 251 1592 2328 1656; baseline 0 -17"><span class='ocrx_word' id='word_1_56' title='bbox 251 1592 440 1639; x_wconf 82' lang='lat' dir='ltr'><strong>facetam</strong></span> <span class='ocrx_word' id='word_1_57' title='bbox 478 1594 805 1640; x_wconf 76' lang='lat' dir='ltr'><strong>contentionem</strong></span> <span class='ocrx_word' id='word_1_58' title='bbox 846 1594 1063 1640; x_wconf 85' lang='lat' dir='ltr'><strong>Sarmenti</strong></span> <span class='ocrx_word' id='word_1_59' title='bbox 1100 1611 1274 1639; x_wconf 90' lang='lat' dir='ltr'><strong>scurrae</strong></span> <span class='ocrx_word' id='word_1_60' title='bbox 1314 1603 1356 1638; x_wconf 89' lang='lat' dir='ltr'><strong>et</strong></span> <span class='ocrx_word' id='word_1_61' title='bbox 1387 1592 1537 1640; x_wconf 89' lang='lat' dir='ltr'><strong>Messii</strong></span> <span class='ocrx_word' id='word_1_62' title='bbox 1571 1593 1789 1638; x_wconf 86' lang='lat' dir='ltr'><strong>Cicerri.«</strong></span> <span class='ocrx_word' id='word_1_63' title='bbox 1886 1597 1938 1639; x_wconf 93' lang='lat' dir='ltr'><strong>In</strong></span> <span class='ocrx_word' id='word_1_64' title='bbox 1979 1593 2137 1656; x_wconf 89' lang='lat' dir='ltr'><strong>quibus</strong></span> <span class='ocrx_word' id='word_1_65' title='bbox 2176 1594 2328 1640; x_wconf 82' lang='lat' dir='ltr'><strong>ultima</strong></span> 
     </span>
     <span class='ocr_line' id='line_1_9' title="bbox 252 1664 2325 1726; baseline -0 -15"><span class='ocrx_word' id='word_1_66' title='bbox 252 1665 388 1711; x_wconf 78' lang='lat' dir='ltr'><strong>verba</strong></span> <span class='ocrx_word' id='word_1_67' title='bbox 417 1665 478 1708; x_wconf 86' lang='lat' dir='ltr'><strong>sic</strong></span> <span class='ocrx_word' id='word_1_68' title='bbox 502 1667 764 1719; x_wconf 77' lang='lat' dir='ltr'><strong>efferuntur,</strong></span> <span class='ocrx_word' id='word_1_69' title='bbox 802 1676 851 1709; x_wconf 94' lang='lat' dir='ltr'><strong>ut</strong></span> <span class='ocrx_word' id='word_1_70' title='bbox 876 1666 1045 1726; x_wconf 89' lang='lat' dir='ltr'><strong>opinari</strong></span> <span class='ocrx_word' id='word_1_71' title='bbox 1074 1666 1170 1725; x_wconf 91' lang='lat' dir='ltr'><strong>quis</strong></span> <span class='ocrx_word' id='word_1_72' title='bbox 1192 1666 1329 1726; x_wconf 86' lang='lat' dir='ltr'><strong>possit</strong></span> <span class='ocrx_word' id='word_1_73' title='bbox 1355 1676 1586 1725; x_wconf 86' lang='lat' dir='ltr'><strong>utramque</strong></span> <span class='ocrx_word' id='word_1_74' title='bbox 1613 1682 1706 1707; x_wconf 88' lang='lat' dir='ltr'><strong>rem</strong></span> <span class='ocrx_word' id='word_1_75' title='bbox 1736 1664 1892 1706; x_wconf 89' lang='lat' dir='ltr'><strong>cadere</strong></span> <span class='ocrx_word' id='word_1_76' title='bbox 1920 1666 2048 1706; x_wconf 86' lang='lat' dir='ltr'><strong>etiam</strong></span> <span class='ocrx_word' id='word_1_77' title='bbox 2074 1666 2119 1707; x_wconf 82' lang='lat' dir='ltr'><strong>in</strong></span> <span class='ocrx_word' id='word_1_78' title='bbox 2147 1667 2325 1711; x_wconf 81' lang='lat' dir='ltr'><strong>satiram</strong></span> 
     </span>
     <span class='ocr_line' id='line_1_10' title="bbox 252 1735 2324 1798; baseline -0 -15"><span class='ocrx_word' id='word_1_79' title='bbox 252 1736 420 1783; x_wconf 84' lang='lat' dir='ltr'><strong>Lucilii.</strong></span> <span class='ocrx_word' id='word_1_80' title='bbox 509 1736 644 1794; x_wconf 81' lang='lat' dir='ltr'><strong>Quod</strong></span> <span class='ocrx_word' id='word_1_81' title='bbox 678 1754 780 1780; x_wconf 88' lang='lat' dir='ltr'><strong>sane</strong></span> <span class='ocrx_word' id='word_1_82' title='bbox 818 1737 876 1780; x_wconf 86' lang='lat' dir='ltr'><strong>ita</strong></span> <span class='ocrx_word' id='word_1_83' title='bbox 910 1755 1004 1780; x_wconf 85' lang='lat' dir='ltr'><strong>esse</strong></span> <span class='ocrx_word' id='word_1_84' title='bbox 1043 1737 1244 1780; x_wconf 86' lang='lat' dir='ltr'><strong>arbitror.</strong></span> <span class='ocrx_word' id='word_1_85' title='bbox 1330 1739 1449 1781; x_wconf 86' lang='lat' dir='ltr'><strong>Nam</strong></span> <span class='ocrx_word' id='word_1_86' title='bbox 1482 1753 1618 1796; x_wconf 89' lang='lat' dir='ltr'><strong>quum</strong></span> <span class='ocrx_word' id='word_1_87' title='bbox 1650 1735 1752 1778; x_wconf 85' lang='lat' dir='ltr'><strong>alias</strong></span> <span class='ocrx_word' id='word_1_88' title='bbox 1790 1735 1878 1777; x_wconf 90' lang='lat' dir='ltr'><strong>hoc</strong></span> <span class='ocrx_word' id='word_1_89' title='bbox 1911 1753 2046 1795; x_wconf 83' lang='lat' dir='ltr'><strong>genus</strong></span> <span class='ocrx_word' id='word_1_90' title='bbox 2079 1737 2324 1798; x_wconf 83' lang='lat' dir='ltr'><strong>scriptionis</strong></span> 
     </span>
     <span class='ocr_line' id='line_1_11' title="bbox 251 1806 2323 1872; baseline 0 -17"><span class='ocrx_word' id='word_1_91' title='bbox 251 1810 300 1859; x_wconf 80' lang='lat' dir='ltr'><strong>in</strong></span> <span class='ocrx_word' id='word_1_92' title='bbox 332 1807 561 1855; x_wconf 84' lang='lat' dir='ltr'><strong>narrandis</strong></span> <span class='ocrx_word' id='word_1_93' title='bbox 593 1808 663 1856; x_wconf 88' lang='lat' dir='ltr'><strong>vel</strong></span> <span class='ocrx_word' id='word_1_94' title='bbox 695 1809 937 1854; x_wconf 90' lang='lat' dir='ltr'><strong>commodis</strong></span> <span class='ocrx_word' id='word_1_95' title='bbox 969 1810 1039 1856; x_wconf 83' lang='lat' dir='ltr'><strong>vel</strong></span> <span class='ocrx_word' id='word_1_96' title='bbox 1070 1808 1361 1855; x_wconf 89' lang='lat' dir='ltr'><strong>incommodis</strong></span> <span class='ocrx_word' id='word_1_97' title='bbox 1399 1808 1586 1854; x_wconf 85' lang='lat' dir='ltr'><strong>multum</strong></span> <span class='ocrx_word' id='word_1_98' title='bbox 1617 1807 1779 1854; x_wconf 83' lang='lat' dir='ltr'><strong>versari</strong></span> <span class='ocrx_word' id='word_1_99' title='bbox 1811 1806 1967 1861; x_wconf 89' lang='lat' dir='ltr'><strong>soleat,</strong></span> <span class='ocrx_word' id='word_1_100' title='bbox 2022 1818 2116 1853; x_wconf 88' lang='lat' dir='ltr'><strong>tum</strong></span> <span class='ocrx_word' id='word_1_101' title='bbox 2147 1810 2323 1872; x_wconf 83' lang='lat' dir='ltr'><strong>vestigia</strong></span> 
     </span>
     <span class='ocr_line' id='line_1_12' title="bbox 254 1879 2325 1947; baseline 0 -17"><span class='ocrx_word' id='word_1_102' title='bbox 254 1881 489 1947; x_wconf 81' lang='lat' dir='ltr'><strong>spectaculi</strong></span> <span class='ocrx_word' id='word_1_103' title='bbox 522 1880 747 1941; x_wconf 86' lang='lat' dir='ltr'><strong>cujusdam</strong></span> <span class='ocrx_word' id='word_1_104' title='bbox 779 1900 863 1927; x_wconf 87' lang='lat' dir='ltr'><strong>nec</strong></span> <span class='ocrx_word' id='word_1_105' title='bbox 893 1881 1022 1927; x_wconf 91' lang='lat' dir='ltr'><strong>unius</strong></span> <span class='ocrx_word' id='word_1_106' title='bbox 1055 1893 1244 1936; x_wconf 88' lang='lat' dir='ltr'><strong>tantum,</strong></span> <span class='ocrx_word' id='word_1_107' title='bbox 1276 1881 1335 1926; x_wconf 91' lang='lat' dir='ltr'><strong>illi</strong></span> <span class='ocrx_word' id='word_1_108' title='bbox 1369 1879 1488 1941; x_wconf 88' lang='lat' dir='ltr'><strong>quod</strong></span> <span class='ocrx_word' id='word_1_109' title='bbox 1520 1880 1728 1927; x_wconf 87' lang='lat' dir='ltr'><strong>Horatius</strong></span> <span class='ocrx_word' id='word_1_110' title='bbox 1760 1879 2010 1943; x_wconf 84' lang='lat' dir='ltr'><strong>perstrinxit</strong></span> <span class='ocrx_word' id='word_1_111' title='bbox 2043 1880 2208 1938; x_wconf 85' lang='lat' dir='ltr'><strong>similis,</strong></span> <span class='ocrx_word' id='word_1_112' title='bbox 2249 1882 2325 1931; x_wconf 80' lang='lat' dir='ltr'><strong>sed</strong></span> 
     </span>
     <span class='ocr_line' id='line_1_13' title="bbox 252 1947 2326 2023; baseline 0.002 -24"><span class='ocrx_word' id='word_1_113' title='bbox 252 1947 446 2023; x_wconf 76' lang='lat' dir='ltr'><strong>plurium</strong></span> <span class='ocrx_word' id='word_1_114' title='bbox 483 1954 531 1999; x_wconf 91' lang='lat' dir='ltr'><strong>in</strong></span> <span class='ocrx_word' id='word_1_115' title='bbox 566 1954 697 2014; x_wconf 90' lang='lat' dir='ltr'><strong>hujus</strong></span> <span class='ocrx_word' id='word_1_116' title='bbox 733 1952 832 1999; x_wconf 87' lang='lat' dir='ltr'><strong>libri</strong></span> <span class='ocrx_word' id='word_1_117' title='bbox 870 1953 1062 2016; x_wconf 91' lang='lat' dir='ltr'><strong>reliquiis</strong></span> <span class='ocrx_word' id='word_1_118' title='bbox 1101 1952 1268 1999; x_wconf 89' lang='lat' dir='ltr'><strong>etiamsi</strong></span> <span class='ocrx_word' id='word_1_119' title='bbox 1307 1953 1557 2008; x_wconf 86' lang='lat' dir='ltr'><strong>obscurata,</strong></span> <span class='ocrx_word' id='word_1_120' title='bbox 1603 1971 1696 1999; x_wconf 90' lang='lat' dir='ltr'><strong>non</strong></span> <span class='ocrx_word' id='word_1_121' title='bbox 1727 1964 1875 2000; x_wconf 87' lang='lat' dir='ltr'><strong>tamen</strong></span> <span class='ocrx_word' id='word_1_122' title='bbox 1910 1954 2069 2001; x_wconf 85' lang='lat' dir='ltr'><strong>obtrita</strong></span> <span class='ocrx_word' id='word_1_123' title='bbox 2110 1966 2153 2002; x_wconf 87' lang='lat' dir='ltr'><strong>et</strong></span> <span class='ocrx_word' id='word_1_124' title='bbox 2186 1955 2326 2004; x_wconf 88' lang='lat' dir='ltr'><strong>deleta</strong></span> 
     </span>
     <span class='ocr_line' id='line_1_14' title="bbox 255 2025 2326 2093; baseline -0 -16"><span class='ocrx_word' id='word_1_125' title='bbox 255 2039 369 2077; x_wconf 83' lang='lat' dir='ltr'><strong>sunt.</strong></span> <span class='ocrx_word' id='word_1_126' title='bbox 429 2030 590 2089; x_wconf 88' lang='lat' dir='ltr'><strong>Neque</strong></span> <span class='ocrx_word' id='word_1_127' title='bbox 624 2025 704 2070; x_wconf 89' lang='lat' dir='ltr'><strong>alia</strong></span> <span class='ocrx_word' id='word_1_128' title='bbox 738 2026 970 2081; x_wconf 82' lang='lat' dir='ltr'><strong>commoda</strong></span> <span class='ocrx_word' id='word_1_129' title='bbox 1002 2043 1096 2070; x_wconf 91' lang='lat' dir='ltr'><strong>non</strong></span> <span class='ocrx_word' id='word_1_130' title='bbox 1127 2035 1541 2074; x_wconf 80' lang='lat' dir='ltr'><strong>commemorantur,</strong></span> <span class='ocrx_word' id='word_1_131' title='bbox 1609 2029 1680 2070; x_wconf 93' lang='lat' dir='ltr'><strong>De</strong></span> <span class='ocrx_word' id='word_1_132' title='bbox 1711 2027 2001 2073; x_wconf 87' lang='lat' dir='ltr'><strong>incommodis</strong></span> <span class='ocrx_word' id='word_1_133' title='bbox 2034 2039 2180 2074; x_wconf 86' lang='lat' dir='ltr'><strong>autem</strong></span> <span class='ocrx_word' id='word_1_134' title='bbox 2213 2048 2326 2093; x_wconf 86' lang='lat' dir='ltr'><strong>quae</strong></span> 
     </span>
     <span class='ocr_line' id='line_1_15' title="bbox 254 2098 1883 2162; baseline -0.004 -11"><span class='ocrx_word' id='word_1_135' title='bbox 254 2103 425 2151; x_wconf 81' lang='lat' dir='ltr'><strong>Lucilio</strong></span> <span class='ocrx_word' id='word_1_136' title='bbox 458 2110 699 2148; x_wconf 81' lang='lat' dir='ltr'><strong>evenerunt</strong></span> <span class='ocrx_word' id='word_1_137' title='bbox 731 2101 859 2145; x_wconf 89' lang='lat' dir='ltr'><strong>etiam</strong></span> <span class='ocrx_word' id='word_1_138' title='bbox 893 2100 1086 2162; x_wconf 82' lang='lat' dir='ltr'><strong>apertior</strong></span> <span class='ocrx_word' id='word_1_139' title='bbox 1117 2098 1281 2143; x_wconf 88' lang='lat' dir='ltr'><strong>mentio</strong></span> <span class='ocrx_word' id='word_1_140' title='bbox 1313 2099 1498 2146; x_wconf 83' lang='lat' dir='ltr'><strong>infertur</strong></span> <span class='ocrx_word' id='word_1_141' title='bbox 1530 2111 1661 2161; x_wconf 88' lang='lat' dir='ltr'><strong>atque</strong></span> <span class='ocrx_word' id='word_1_142' title='bbox 1692 2101 1883 2145; x_wconf 87' lang='lat' dir='ltr'><strong>uberior.</strong></span> 
     </span>
    </p>
   </div>
   <div class='ocr_carea' id='block_1_5' title="bbox 254 2213 2360 2792">
    <p class='ocr_par' dir='ltr' id='par_1_5' title="bbox 254 2213 2360 2792">
     <span class='ocr_line' id='line_1_16' title="bbox 380 2213 2321 2277; baseline 0.001 -17"><span class='ocrx_word' id='word_1_143' title='bbox 380 2217 509 2275; x_wconf 84' lang='lat' dir='ltr'><strong>Quae</strong></span> <span class='ocrx_word' id='word_1_144' title='bbox 552 2213 608 2258; x_wconf 92' lang='lat' dir='ltr'><strong>de</strong></span> <span class='ocrx_word' id='word_1_145' title='bbox 645 2214 735 2258; x_wconf 89' lang='lat' dir='ltr'><strong>hoc</strong></span> <span class='ocrx_word' id='word_1_146' title='bbox 773 2215 928 2259; x_wconf 89' lang='lat' dir='ltr'><strong>Lucilii</strong></span> <span class='ocrx_word' id='word_1_147' title='bbox 975 2214 1089 2257; x_wconf 88' lang='lat' dir='ltr'><strong>libro</strong></span> <span class='ocrx_word' id='word_1_148' title='bbox 1130 2223 1313 2267; x_wconf 84' lang='lat' dir='ltr'><strong>restant,</strong></span> <span class='ocrx_word' id='word_1_149' title='bbox 1369 2229 1421 2257; x_wconf 88' lang='lat' dir='ltr'><strong>ea</strong></span> <span class='ocrx_word' id='word_1_150' title='bbox 1456 2213 1548 2273; x_wconf 71' lang='lat' dir='ltr'><strong>jam</strong></span> <span class='ocrx_word' id='word_1_151' title='bbox 1587 2213 1691 2258; x_wconf 89' lang='lat' dir='ltr'><strong>olim</strong></span> <span class='ocrx_word' id='word_1_152' title='bbox 1741 2214 1919 2258; x_wconf 88' lang='lat' dir='ltr'><strong>collecta</strong></span> <span class='ocrx_word' id='word_1_153' title='bbox 1960 2224 2005 2257; x_wconf 84' lang='lat' dir='ltr'><strong>et</strong></span> <span class='ocrx_word' id='word_1_154' title='bbox 2050 2214 2255 2277; x_wconf 84' lang='lat' dir='ltr'><strong>disposita</strong></span> <span class='ocrx_word' id='word_1_155' title='bbox 2296 2233 2321 2261; x_wconf 84' lang='lat' dir='ltr'><strong>a</strong></span> 
     </span>
     <span class='ocr_line' id='line_1_17' title="bbox 254 2286 2323 2348; baseline -0 -13"><span class='ocrx_word' id='word_1_156' title='bbox 254 2289 490 2336; x_wconf 82' lang='lat' dir='ltr'><strong>Francisco</strong></span> <span class='ocrx_word' id='word_1_157' title='bbox 520 2291 673 2333; x_wconf 92' lang='lat' dir='ltr'><strong>Dousa</strong></span> <span class='ocrx_word' id='word_1_158' title='bbox 709 2305 829 2332; x_wconf 89' lang='lat' dir='ltr'><strong>nunc</strong></span> <span class='ocrx_word' id='word_1_159' title='bbox 866 2288 912 2332; x_wconf 91' lang='lat' dir='ltr'><strong>in</strong></span> <span class='ocrx_word' id='word_1_160' title='bbox 949 2288 1017 2331; x_wconf 86' lang='lat' dir='ltr'><strong>his</strong></span> <span class='ocrx_word' id='word_1_161' title='bbox 1054 2286 1222 2348; x_wconf 86' lang='lat' dir='ltr'><strong>paginis</strong></span> <span class='ocrx_word' id='word_1_162' title='bbox 1262 2297 1305 2330; x_wconf 88' lang='lat' dir='ltr'><strong>et</strong></span> <span class='ocrx_word' id='word_1_163' title='bbox 1342 2297 1466 2331; x_wconf 84' lang='lat' dir='ltr'><strong>aucta</strong></span> <span class='ocrx_word' id='word_1_164' title='bbox 1506 2288 1761 2331; x_wconf 80' lang='lat' dir='ltr'><strong>exhibentur</strong></span> <span class='ocrx_word' id='word_1_165' title='bbox 1799 2298 1842 2331; x_wconf 88' lang='lat' dir='ltr'><strong>et</strong></span> <span class='ocrx_word' id='word_1_166' title='bbox 1878 2287 1923 2331; x_wconf 92' lang='lat' dir='ltr'><strong>in</strong></span> <span class='ocrx_word' id='word_1_167' title='bbox 1956 2286 2086 2331; x_wconf 92' lang='lat' dir='ltr'><strong>alium</strong></span> <span class='ocrx_word' id='word_1_168' title='bbox 2120 2287 2323 2335; x_wconf 85' lang='lat' dir='ltr'><strong>ordinem</strong></span> 
     </span>
     <span class='ocr_line' id='line_1_18' title="bbox 256 2357 2324 2422; baseline -0 -13"><span class='ocrx_word' id='word_1_169' title='bbox 256 2360 444 2411; x_wconf 82' lang='lat' dir='ltr'><strong>redacta.</strong></span> <span class='ocrx_word' id='word_1_170' title='bbox 522 2363 691 2407; x_wconf 89' lang='lat' dir='ltr'><strong>Eorum</strong></span> <span class='ocrx_word' id='word_1_171' title='bbox 728 2358 938 2422; x_wconf 83' lang='lat' dir='ltr'><strong>pleraque</strong></span> <span class='ocrx_word' id='word_1_172' title='bbox 976 2358 1022 2403; x_wconf 91' lang='lat' dir='ltr'><strong>in</strong></span> <span class='ocrx_word' id='word_1_173' title='bbox 1059 2359 1178 2404; x_wconf 90' lang='lat' dir='ltr'><strong>hunc</strong></span> <span class='ocrx_word' id='word_1_174' title='bbox 1214 2357 1374 2403; x_wconf 81' lang='lat' dir='ltr'><strong>librum</strong></span> <span class='ocrx_word' id='word_1_175' title='bbox 1416 2359 1543 2406; x_wconf 87' lang='lat' dir='ltr'><strong>certis</strong></span> <span class='ocrx_word' id='word_1_176' title='bbox 1582 2359 1834 2405; x_wconf 86' lang='lat' dir='ltr'><strong>testimoniis</strong></span> <span class='ocrx_word' id='word_1_177' title='bbox 1874 2358 2142 2405; x_wconf 85' lang='lat' dir='ltr'><strong>conferenda</strong></span> <span class='ocrx_word' id='word_1_178' title='bbox 2187 2372 2324 2418; x_wconf 88' lang='lat' dir='ltr'><strong>erant,</strong></span> 
     </span>
     <span class='ocr_line' id='line_1_19' title="bbox 257 2432 2322 2501; baseline 0 -20"><span class='ocrx_word' id='word_1_179' title='bbox 257 2434 475 2501; x_wconf 86' lang='lat' dir='ltr'><strong>quaedam</strong></span> <span class='ocrx_word' id='word_1_180' title='bbox 511 2432 681 2493; x_wconf 87' lang='lat' dir='ltr'><strong>adjecta</strong></span> <span class='ocrx_word' id='word_1_181' title='bbox 720 2444 820 2478; x_wconf 80' lang='lat' dir='ltr'><strong>sunt</strong></span> <span class='ocrx_word' id='word_1_182' title='bbox 855 2449 936 2495; x_wconf 89' lang='lat' dir='ltr'><strong>per</strong></span> <span class='ocrx_word' id='word_1_183' title='bbox 973 2432 1281 2491; x_wconf 86' lang='lat' dir='ltr'><strong>conjecturam.</strong></span> <span class='ocrx_word' id='word_1_184' title='bbox 1376 2434 1433 2477; x_wconf 88' lang='lat' dir='ltr'><strong>Et</strong></span> <span class='ocrx_word' id='word_1_185' title='bbox 1471 2450 1585 2493; x_wconf 87' lang='lat' dir='ltr'><strong>quae</strong></span> <span class='ocrx_word' id='word_1_186' title='bbox 1622 2437 1773 2478; x_wconf 85' lang='lat' dir='ltr'><strong>Dousa</strong></span> <span class='ocrx_word' id='word_1_187' title='bbox 1812 2432 1997 2487; x_wconf 87' lang='lat' dir='ltr'><strong>addidit,</strong></span> <span class='ocrx_word' id='word_1_188' title='bbox 2055 2434 2101 2479; x_wconf 92' lang='lat' dir='ltr'><strong>in</strong></span> <span class='ocrx_word' id='word_1_189' title='bbox 2140 2433 2322 2482; x_wconf 81' lang='lat' dir='ltr'><strong>dubium</strong></span> 
     </span>
     <span class='ocr_line' id='line_1_20' title="bbox 257 2504 2360 2573; baseline -0.002 -17"><span class='ocrx_word' id='word_1_190' title='bbox 257 2507 454 2559; x_wconf 83' lang='lat' dir='ltr'><strong>revocari</strong></span> <span class='ocrx_word' id='word_1_191' title='bbox 483 2516 659 2571; x_wconf 90' lang='lat' dir='ltr'><strong>praeter</strong></span> <span class='ocrx_word' id='word_1_192' title='bbox 687 2522 828 2568; x_wconf 88' lang='lat' dir='ltr'><strong>pauca</strong></span> <span class='ocrx_word' id='word_1_193' title='bbox 860 2522 951 2550; x_wconf 90' lang='lat' dir='ltr'><strong>non</strong></span> <span class='ocrx_word' id='word_1_194' title='bbox 982 2514 1191 2567; x_wconf 85' lang='lat' dir='ltr'><strong>possunt:</strong></span> <span class='ocrx_word' id='word_1_195' title='bbox 1254 2504 1313 2548; x_wconf 86' lang='lat' dir='ltr'><strong>ita</strong></span> <span class='ocrx_word' id='word_1_196' title='bbox 1343 2504 1389 2548; x_wconf 91' lang='lat' dir='ltr'><strong>in</strong></span> <span class='ocrx_word' id='word_1_197' title='bbox 1420 2504 1469 2549; x_wconf 88' lang='lat' dir='ltr'><strong>iis</strong></span> <span class='ocrx_word' id='word_1_198' title='bbox 1501 2505 1680 2568; x_wconf 87' lang='lat' dir='ltr'><strong>planum</strong></span> <span class='ocrx_word' id='word_1_199' title='bbox 1712 2507 2081 2573; x_wconf 82' lang='lat' dir='ltr'><strong>manifestumque</strong></span> <span class='ocrx_word' id='word_1_200' title='bbox 2115 2519 2179 2553; x_wconf 87' lang='lat' dir='ltr'><strong>est</strong></span> <span class='ocrx_word' id='word_1_201' title='bbox 2211 2508 2360 2568; x_wconf 48' lang='lat' dir='ltr'><strong>quai-1</strong></span> 
     </span>
     <span class='ocr_line' id='line_1_21' title="bbox 257 2570 2328 2643; baseline -0.002 -13"><span class='ocrx_word' id='word_1_202' title='bbox 257 2601 328 2630; x_wconf 83' lang='lat' dir='ltr'><strong>res</strong></span> <span class='ocrx_word' id='word_1_203' title='bbox 366 2583 585 2628; x_wconf 81' lang='lat' dir='ltr'><strong>tractetur.</strong></span> <span class='ocrx_word' id='word_1_204' title='bbox 661 2583 738 2625; x_wconf 88' lang='lat' dir='ltr'><strong>Me</strong></span> <span class='ocrx_word' id='word_1_205' title='bbox 777 2590 922 2623; x_wconf 88' lang='lat' dir='ltr'><strong>autem</strong></span> <span class='ocrx_word' id='word_1_206' title='bbox 961 2579 1006 2623; x_wconf 92' lang='lat' dir='ltr'><strong>in</strong></span> <span class='ocrx_word' id='word_1_207' title='bbox 1043 2578 1126 2622; x_wconf 90' lang='lat' dir='ltr'><strong>isto</strong></span> <span class='ocrx_word' id='word_1_208' title='bbox 1167 2576 1398 2637; x_wconf 89' lang='lat' dir='ltr'><strong>adjiciendi</strong></span> <span class='ocrx_word' id='word_1_209' title='bbox 1435 2580 1612 2641; x_wconf 82' lang='lat' dir='ltr'><strong>negotio</strong></span> <span class='ocrx_word' id='word_1_210' title='bbox 1652 2582 1794 2625; x_wconf 81' lang='lat' dir='ltr'><strong>fateor</strong></span> <span class='ocrx_word' id='word_1_211' title='bbox 1827 2581 2091 2643; x_wconf 89' lang='lat' dir='ltr'><strong>suspiciones</strong></span> <span class='ocrx_word' id='word_1_212' title='bbox 2123 2570 2328 2626; x_wconf 36' lang='lat' dir='ltr'><strong>secutum·</strong></span> 
     </span>
     <span class='ocr_line' id='line_1_22' title="bbox 259 2651 2322 2713; baseline -0.002 -10"><span class='ocrx_word' id='word_1_213' title='bbox 259 2675 354 2703; x_wconf 86' lang='lat' dir='ltr'><strong>esse</strong></span> <span class='ocrx_word' id='word_1_214' title='bbox 391 2655 508 2703; x_wconf 80' lang='lat' dir='ltr'><strong>leves</strong></span> <span class='ocrx_word' id='word_1_215' title='bbox 551 2652 771 2699; x_wconf 86' lang='lat' dir='ltr'><strong>interdum</strong></span> <span class='ocrx_word' id='word_1_216' title='bbox 817 2670 867 2697; x_wconf 90' lang='lat' dir='ltr'><strong>ac</strong></span> <span class='ocrx_word' id='word_1_217' title='bbox 908 2652 1108 2697; x_wconf 90' lang='lat' dir='ltr'><strong>lubricas.</strong></span> <span class='ocrx_word' id='word_1_218' title='bbox 1202 2653 1300 2698; x_wconf 87' lang='lat' dir='ltr'><strong>Nec</strong></span> <span class='ocrx_word' id='word_1_219' title='bbox 1346 2663 1493 2697; x_wconf 87' lang='lat' dir='ltr'><strong>tamen</strong></span> <span class='ocrx_word' id='word_1_220' title='bbox 1540 2653 1585 2698; x_wconf 90' lang='lat' dir='ltr'><strong>id</strong></span> <span class='ocrx_word' id='word_1_221' title='bbox 1635 2655 1816 2699; x_wconf 90' lang='lat' dir='ltr'><strong>omnino</strong></span> <span class='ocrx_word' id='word_1_222' title='bbox 1864 2651 2098 2713; x_wconf 87' lang='lat' dir='ltr'><strong>improbari</strong></span> <span class='ocrx_word' id='word_1_223' title='bbox 2147 2653 2322 2713; x_wconf 84' lang='lat' dir='ltr'><strong>poterit,</strong></span> 
     </span>
     <span class='ocr_line' id='line_1_23' title="bbox 260 2723 2324 2792; baseline -0.004 -16"><span class='ocrx_word' id='word_1_224' title='bbox 260 2729 488 2792; x_wconf 87' lang='lat' dir='ltr'><strong>quoniam,</strong></span> <span class='ocrx_word' id='word_1_225' title='bbox 534 2727 617 2773; x_wconf 90' lang='lat' dir='ltr'><strong>nisi</strong></span> <span class='ocrx_word' id='word_1_226' title='bbox 654 2726 912 2772; x_wconf 88' lang='lat' dir='ltr'><strong>adhibeatur</strong></span> <span class='ocrx_word' id='word_1_227' title='bbox 937 2725 1163 2788; x_wconf 58' lang='lat' dir='ltr'><strong>fquaedam</strong></span> <span class='ocrx_word' id='word_1_228' title='bbox 1202 2725 1477 2785; x_wconf 88' lang='lat' dir='ltr'><strong>conjectandi</strong></span> <span class='ocrx_word' id='word_1_229' title='bbox 1515 2725 1736 2781; x_wconf 82' lang='lat' dir='ltr'><strong>audentia,</strong></span> <span class='ocrx_word' id='word_1_230' title='bbox 1784 2727 1850 2772; x_wconf 84' lang='lat' dir='ltr'><strong>vix</strong></span> <span class='ocrx_word' id='word_1_231' title='bbox 1888 2723 2124 2784; x_wconf 87' lang='lat' dir='ltr'><strong>quidquam</strong></span> <span class='ocrx_word' id='word_1_232' title='bbox 2164 2743 2214 2770; x_wconf 87' lang='lat' dir='ltr'><strong>ex</strong></span> <span class='ocrx_word' id='word_1_233' title='bbox 2254 2726 2324 2772; x_wconf 83' lang='lat' dir='ltr'><strong>his</strong></span> 
     </span>
    </p>
   </div>
   <div class='ocr_carea' id='block_1_6' title="bbox 261 2797 2325 2907">
    <p class='ocr_par' dir='ltr' id='par_1_6' title="bbox 261 2797 2325 2907">
     <span class='ocr_line' id='line_1_24' title="bbox 261 2797 2325 2864; baseline -0.001 -15"><span class='ocrx_word' id='word_1_234' title='bbox 261 2801 450 2864; x_wconf 87' lang='lat' dir='ltr'><strong>reliquiis</strong></span> <span class='ocrx_word' id='word_1_235' title='bbox 477 2801 535 2848; x_wconf 89' lang='lat' dir='ltr'><strong>ita</strong></span> <span class='ocrx_word' id='word_1_236' title='bbox 566 2799 832 2864; x_wconf 86' lang='lat' dir='ltr'><strong>percipiatur</strong></span> <span class='ocrx_word' id='word_1_237' title='bbox 858 2809 901 2845; x_wconf 89' lang='lat' dir='ltr'><strong>et</strong></span> <span class='ocrx_word' id='word_1_238' title='bbox 923 2798 1231 2862; x_wconf 87' lang='lat' dir='ltr'><strong>cognoscatur,</strong></span> <span class='ocrx_word' id='word_1_239' title='bbox 1262 2810 1312 2845; x_wconf 90' lang='lat' dir='ltr'><strong>ut</strong></span> <span class='ocrx_word' id='word_1_240' title='bbox 1332 2799 1595 2862; x_wconf 89' lang='lat' dir='ltr'><strong>perlustrare</strong></span> <span class='ocrx_word' id='word_1_241' title='bbox 1626 2818 1696 2845; x_wconf 90' lang='lat' dir='ltr'><strong>eas</strong></span> <span class='ocrx_word' id='word_1_242' title='bbox 1720 2810 1847 2858; x_wconf 77' lang='lat' dir='ltr'><strong>atque</strong></span> <span class='ocrx_word' id='word_1_243' title='bbox 1874 2797 2136 2858; x_wconf 81' lang='lat' dir='ltr'><strong>perscrutari</strong></span> <span class='ocrx_word' id='word_1_244' title='bbox 2163 2816 2325 2862; x_wconf 80' lang='lat' dir='ltr'><strong>operae</strong></span> 
     </span>
     <span class='ocr_line' id='line_1_25' title="bbox 1804 2872 1826 2907; baseline 0 0"><span class='ocrx_word' id='word_1_245' title='bbox 1804 2872 1826 2907; x_wconf 90' lang='lat' dir='ltr'>l</span> 
     </span>
    </p>
   </div>
  </div>
 </body>
</html>
