2601 3308
1281 144 1346 206 ,Β

275 295 399 333 mm
437 272 659 337 (quamvis
688 271 891 338 proclivis
921 273 1006 320 hac
1036 272 1082 319 in
1113 290 1162 319 re
1195 289 1320 320 error
1349 272 1404 319 sit
1435 271 1529 334 ejus
1565 272 1638 320 cui
1666 274 1781 322 ultra
1810 275 1944 333 natas
1973 275 2219 341 procedere
2242 297 2344 332 non

276 335 435 391 licuit).
462 371 471 381 ,
495 339 711 399 Apertum
743 345 809 380 est
840 333 958 389 enim
988 334 1136 381 locum
1169 353 1311 399 quem,
1327 332 1426 381 dico
1458 352 1541 383 nec
1571 351 1712 398 prope
1733 336 1958 400 Rhegium
1989 357 2072 385 nec
2100 338 2148 385 in
2172 339 2346 402 Liparis
2387 339 2395 345 ’

278 395 597 461 quaerendum,
629 395 707 442 sed
730 395 928 443 medium
960 415 1054 442 esse
1085 397 1200 442 inter
1229 397 1312 443 hos
1340 396 1463 460 quasi
1490 397 1701 442 terminos
1724 397 1947 459 positum..
1982 400 2165 447 Nullum
2196 411 2345 452 autem

273 458 318 505 in
361 455 451 502 h'oc
490 457 719 504 intervallo
763 456 1112 506 commodiorem
1157 458 1348 520 reperias
1389 475 1521 520 quam
1563 457 1802 521 Scyllaeum
1846 462 2200 521 promontorium
2243 480 2345 509 cum

271 517 382 564 urbe
414 520 695 581 cognomine.
758 524 828 564 De
862 536 952 579 quo
984 519 1045 563 sic
1076 519 1223 563 scribit
1253 518 1412 564 Strabo
1445 522 1526 571 Vl,
1565 530 1615 564 1:
1674 522 1810 582 πέτςα
1835 515 2177 585 χεῤῥονησίζουσα
2204 516 2346 580 ὑψηλῆ

272 576 339 625 τὸν
376 577 536 635 ἰσθμὸν
565 573 806 636 ἀμφίδυμοι*
844 577 914 622 καὶ
958 578 1145 623 ταπεινδν
1181 579 1365 635 ἔχουσα,
1426 578 1465 623 ὃν
1504 576 1741 684 Ἀναξίλαος
1778 577 1798 623 ὅ
1837 579 2020 639 τύςαννος
2058 580 2135 625 τῶν
2169 578 2345 640 Ῥηγίνων

269 637 510 695 ἆπιτεῖχεσσ
535 642 617 688 τοῖς
637 638 834 699 Τυρρηνοῖς
859 639 1193 691 κατασκευάσας
1222 637 1513 696 ναόπαθμον,
1546 655 1603 682 κα
1645 633 1846 695 ὠφείλετο
1874 636 1965 690 τοὺς
1994 637 2155 693 λησταὶς
2179 640 2248 687 τδν
2277 635 2349 688 διαὶ

272 698 350 745 τοῦ
376 698 579 760 ποςθμοῦ
604 693 817 742 διάπλουν.
895 701 1113 759 Apparet,
1166 699 1245 744 nisi
1283 699 1429 752 fallor,
1481 716 1533 744 ex
1569 697 1643 743 illo
1685 715 1788 743 saxo
1829 711 1903 745 tan
1936 693 2037 746 uani
2076 718 2126 746 ex
2169 702 2347 764 specula

271 759 349 806 lon
382 778 407 804 e
468 757 626 827 rospici
656 775 799 819 posse.
862 761 928 804 Ac
958 759 1139 820 Liparas
1173 759 1348 822 quidem
1382 779 1432 805 ex
1455 759 1600 805 ltaliae
1634 777 1711 803 ora
1745 761 1864 804 cerni
1895 763 1908 804 i
1943 780 2012 806 em
2038 763 2194 809 Strabo
2226 762 2347 806 testis

271 778 395 866 estq.
459 835 495 863 .:
546 828 728 864 interest
765 818 881 864 enim
921 821 1107 881 spatium
1146 823 1272 866 XXV
1309 821 1447 866 ferme
1484 819 1670 873 milium,
1726 818 1841 865 inter
1871 821 1972 867 Rhe
2005 822 2094 869 'um
2126 833 2272 871 autem
2303 830 2349 868 et

269 880 520 944 Scyllaeum
552 879 609 924 ad
641 898 861 925 summum
891 884 987 925 XV.
1020 899 1059 928 v.
1090 882 1202 925 Pliu.
1234 886 1312 936 ΙΙΙ,
1348 893 1389 936 5,
1426 892 1494 928 10.
1530 891 1572 937 8,
1606 891 1677 928 14.
1710 882 1764 926 et:
1797 882 1938 928 Strab.
1987 917 1997 928 .
2019 883 2076 937 ‚d-

335 1008 414 1056 36.
476 1010 594 1057 Non.
626 1011 668 1063 Ι,
703 1018 775 1056 77.
807 1025 850 1072 p.
883 1018 957 1056 21.

571 1093 767 1138 Crebrae
799 1103 849 1139 ut
878 1094 1110 1140 scintillae
1141 1094 1194 1140 in
1222 1094 1461 1147 stricturzls,
1503 1094 1634 1159 quod
1660 1110 1808 1156 genus
1838 1095 1953 1141 olim

563 1166 926 1225 Ferventiserro
958 1188 1023 1198 -

329 1297 405 1346 37.
438 1270 619 1343 isidor.
649 1298 793 1360 Etym.
825 1301 952 1352 XIX,
987 1308 1027 1345 ’7.
1062 1297 1146 1355 (D.
1179 1300 1269 1342 Ine.
1304 1296 1388 1354 14)

461 1380 513 1441 ⁸)
559 1383 625 1428 Et
656 1384 773 1428 velut
805 1383 857 1427 in
872 1381 1127 1443 fabricam
1142 1382 1334 1442 ser-oens
1365 1398 1512 1446 quum
1543 1382 1771 1428 marculu'
1787 1382 1979 1443 serrum

563 1456 831 1501 Multorum
861 1456 1051 1516 magnis
1091 1486 1411 1502 ........
1458 1455 1609 1502 ictibu’
1641 1457 1807 1502 tundit.

267 1543 321 1588 In
358 1539 426 1586 his
463 1539 584 1585 haud
624 1541 878 1601 ambiguum
920 1551 1003 1593 est,
1052 1540 1157 1601 quin
1195 1540 1386 1586 Lucilius
1427 1542 1747 1603 comparaverit
1786 1539 1948 1601 aliquid
1991 1556 2092 1585 cum
2132 1541 2193 1585 eis
2232 1557 2346 1602 quae

254 1601 364 1646 *fieri
393 1600 563 1644 soleant
591 1599 637 1644 in
668 1600 832 1644 fabrica
865 1601 1018 1644 ferrea.
1084 1600 1219 1658 Quod
1251 1601 1265 1643 i
1298 1618 1395 1644 sum
1428 1601 1717 1660 conjectando
1750 1618 1799 1646 ex
1834 1600 1954 1645 edire
1987 1599 2175 1659 (etenim
2205 1600 2346 1661 justae

264 1660 549 1723 disputationi
606 1671 736 1721 atque
788 1660 1154 1721 argumentationi
1203 1617 1372 1704 nulium
1427 1662 1539 1705 haec
1589 1662 1737 1705 locum
1819 1663 1917 1715 ant)
1972 1679 2199 1722 nunquam
2260 1680 2345 1725 ego

263 1722 546 1774 sustinerem,
598 1721 679 1766 nisi
717 1731 830 1767 esset
876 1721 983 1766 mihi
1022 1737 1300 1782 persuasum,
1357 1719 1463 1765 illud
1506 1721 1626 1782 quod
1671 1720 1877 1766 traditum
1925 1732 1988 1766 est
2025 1721 2254 1784 Virgilium
2295 1740 2346 1769 ex

263 1793 460 1830 stercore
480 1782 611 1828 Ennii
643 1801 796 1829 aurum
830 1782 1074 1845 collegisse,
1106 1782 1328 1843 pertinere
1361 1782 1490 1826 etiarn
1524 1782 1579 1827 ad
1607 1782 1714 1828 alios
1746 1781 1981 1844 superioris
2011 1783 2160 1828 aetatis
2192 1794 2344 1855 poetas

265 1861 320 1891 ac
356 1844 544 1890 maxime
587 1844 641 1890 ad
679 1845 907 1890 Lucilium.
1001 1843 1205 1904 Virgilius
1243 1842 1377 1905 igitur
1420 1843 1465 1887 in
1504 1843 1618 1888 libro
1657 1854 1832 1897 octavo,
1880 1844 1956 1889 ubi
1996 1843 2052 1888 ad
2091 1844 2345 1891 fabncanda

263 1908 446 1952 Aeneae
483 1922 602 1950 arma
635 1906 884 1950 Vulcanum
923 1923 947 1949 a
986 1904 1113 1947 coelo
1151 1903 1255 1947 facit
1293 1902 1560 1949 descendere
1598 1904 1645 1949 in
1676 1905 1874 1956 Hieram,
1921 1921 2057 1951 unam
2089 1922 2142 1952 ex
2170 1905 2346 1961 Aeoliis,

267 1963 326 2012 de
357 1965 443 2013 hac
471 1965 531 2012 ita
561 1977 738 2012 narrat:
784 1969 852 2022 (v.
887 1962 1144 2016 418—21)

735 2037 856 2084 Quam
888 2035 1012 2073 subter
1042 2047 1169 2083 specus
1202 2039 1239 2070 et
1270 2030 1474 2083 Cyclopum
1506 2046 1607 2071 exesa
1639 2033 1786 2072 caminis

729 2095 850 2132 Antra
888 2094 1051 2130 Aetnaea
1091 2100 1239 2137 tonant,
1291 2092 1470 2141 validique
1508 2092 1695 2129 incudibus
1735 2093 1826 2132 ictus

729 2151 858 2191 Auditi
890 2151 1058 2189 referunt
1092 2151 1288 2201 gemitum,
1340 2150 1566 2199 striduntque
1599 2151 1760 2188 cavernis

731 2212 933 2248 Stricturae
974 2209 1197 2258 Chalybum,
1249 2216 1287 2245 et
1329 2209 1531 2245 fornacibus
1572 2207 1667 2258 ignis
1707 2207 1862 2245 anhelat.

269 2271 466 2321 stridunt
496 2273 743 2328 stricturae,
776 2290 913 2335 quum
948 2271 1105 2316 malleo
1138 2269 1382 2317 tunduntur
1413 2280 1455 2315 et
1487 2270 1668 2315 crebrae
1702 2269 1907 2315 scintillae
1938 2269 2180 2342 prosiliunt.
2226 2270 2344 2320 Fieri

266 2334 316 2380 id
348 2334 497 2380 subter
525 2336 709 2381 insulam
743 2334 846 2381 dicit
876 2333 1101 2396 Virgilius,
1148 2332 1223 2378 sed
1257 2350 1347 2377 non
1381 2331 1515 2377 credo
1549 2331 1760 2384 finxisset,
1808 2331 1888 2376 nisi
1921 2333 2057 2378 Simile
2089 2332 2195 2394 quid
2231 2343 2345 2380 esset

266 2406 488 2470 apertum,
521 2407 568 2440 ut
598 2397 757 2442 Strabo
787 2399 872 2448 VI,
906 2405 931 2440 2
966 2395 1222 2439 testificatur
1253 2394 1320 2437 his
1351 2394 1517 2436 verbis:
1579 2393 1667 2447 ἔχει
1699 2392 1884 2449 (Hiera)
1915 2392 2129 2443 ἀναπνοαῖς
2155 2398 2260 2454 τρεῖς
2290 2391 2345 2444 ὥς

264 2474 315 2503 αν
345 2456 393 2501 ἔκ
423 2456 539 2515 τριῶν
566 2456 784 2516 κςατῆςων·
822 2456 869 2500 ἐκ
894 2450 936 2500 δὲ
963 2455 1034 2499 τοῦ
1064 2453 1269 2510 μεγίστου
1298 2452 1369 2497 καὶ
1397 2448 1570 2512 μύδρους
1594 2452 1638 2495 αὶ
1666 2452 1829 2508 φλόγες
1854 2452 2137 2513 α’ναφέςουσιν.
2200 2453 2343 2513 Hujus

266 2516 332 2562 rei
359 2515 633 2561 mentionem
661 2514 811 2560 secisse
831 2516 1044 2561 Lucilium
1072 2513 1260 2576 suspicio
1294 2523 1357 2558 est
1389 2531 1500 2575 quae
1532 2511 1601 2557 vel
1629 2511 1723 2556 solo
1752 2513 1998 2575 fragmento
2022 2523 2080 2559 35
2110 2513 2344 2559 excitetur:

268 2593 321 2623 ea
355 2595 466 2623 vero
505 2586 694 2638 augetur
734 2586 779 2620 et
815 2575 1143 2637 quodammodo
1185 2575 1469 2619 confirmatur
1508 2590 1606 2617 com
1642 2572 1747 2617 osita
1780 2591 1881 2618 curn
1913 2573 1964 2617 iis
2003 2591 2115 2634 quae
2148 2573 2204 2618 ad
2234 2572 2341 2620 illud

269 2637 493 2699 djsputata
524 2648 626 2683 sunt
657 2637 743 2681 hac
774 2636 1022 2681 narratione
1044 2634 1234 2697 Polybii,
1266 2653 1333 2696 ap.
1363 2635 1502 2680 Strab.
1535 2632 1562 2676 l.
1619 2651 1654 2676 ,ε
1699 2632 1788 2677 'Edu
1815 2633 1887 2691 μὲν
1916 2631 2028 2683 νότος
2059 2632 2343 2697 ’ἄλλῃσι-νεῖν,

272 2696 412 2754 αχλόν
448 2692 663 2755 ὁμιχλώδη
697 2695 996 2753 καταχεῖσθαι
1036 2695 1173 2753 κύκλῳ
1211 2694 1281 2744 τῆς
1318 2690 1488 2751 νησῖδος,
1541 2690 1653 2739 ὥστε
1693 2690 1793 2750 μηδὲ
1833 2692 1899 2745 τὴν
1943 2698 2126 2740 Σικελίαν
2167 2690 2341 2744 ἄπωθεν

266 2757 520 2819 φαίνεσθαι·
564 2759 658 2804 ὅταν
686 2754 735 2805 δὲ
764 2757 934 2821 Regias,
986 2757 1162 2818 φλόγας
1192 2756 1396 2818 καθαςοὶς
1428 2754 1521 2801 oia-d
1557 2754 1628 2799 τοῦ
1654 2755 1884 2812 λεχθέντος
1915 2751 2112 2817 ngas-3305
2145 2755 2200 2806 εἰς
2230 2752 2340 2816 ὕψος
