2601 3308
270 352 423 394 luceia·
440 365 518 407 per
538 351 617 393 oeh
640 351 728 392 sine
750 355 782 389 ι’
805 347 935 390 littera
958 353 1164 390 mmmm
1186 363 1276 390 esse
1298 349 1340 389 in
1365 347 1531 403 optimis
1555 348 1865 404 exemplaribus.
1900 348 2061 392 Eodem
2077 350 2208 394 nodo
2231 353 2345 408 ,μδ
2421 336 2424 339 ¹

268 405 446 453 Plinium
469 410 522 451 N.
548 411 600 449 H.
624 408 702 456 11,
726 410 793 456 373
816 412 868 449 64
890 406 1087 461 scriptum
1111 414 1175 447 est
1198 414 1239 447 et
1262 421 1328 460 ap.
1352 407 1459 448 rest.
1483 422 1520 449 v.
1546 408 1660 461 valgi.
1737 408 1951 449 Praeterea
1973 415 2199 464 cognonen
2221 410 2342 466 ”d

268 477 331 510 est
352 471 541 509 Brocchus
573 473 613 504 et
638 466 680 505 in
705 467 908 505 codicibus
940 471 982 502 et
1006 465 1048 503 in
1072 464 1271 516 lapidibus
1296 478 1325 502 n
1350 463 1478 504 littera
1503 473 1621 504 caret.
1660 480 1697 504 v.
1715 464 1800 504 Cic.
1824 480 1901 517 pro
1920 467 2051 519 Ligar.
2077 469 2144 506 xl.
2194 469 2339 511 Bura.

265 526 446 574 Anthob,
460 525 513 564 l-l.
538 538 578 577 p.
604 527 689 564 245.
739 524 827 564 Alia
860 521 1035 574 denique
1067 520 1213 574 quibus
1244 520 1344 561 haec
1376 521 1570 574 scriptura
1603 521 1910 562 commendetur
1940 525 2057 565 affert
2086 523 2338 572 Porcellum·

265 584 389 630 Thes.
414 583 456 622 h.
481 596 519 622 v.
559 582 675 634 Quae
700 589 842 621 cuncta
868 579 943 619 etsi
966 593 1053 619 non
1076 579 1191 635 parvi
1214 578 1479 629 aestimanda,
1503 586 1640 620 tamen
1664 579 1717 619 ad
1740 592 1908 621 omnem
1931 580 2056 621 fidem
2078 583 2204 625 Nonii
2223 584 2341 636 libri·

265 640 539 695 “ogandam
563 655 648 682 non
673 638 889 680 sufficiunt.

341 765 403 806 19.
465 764 532 805 Sic
568 764 637 803 lib.
674 776 752 802 ms.
789 776 853 816 ap.
878 762 1006 802 Merc.
1036 762 1137 804 var.
1169 762 1297 804 Lectt.
1335 776 1442 818 quae
1478 762 1605 817 priori
1642 762 1706 803 ed.
1742 761 1918 813 adjectae
1953 768 2060 803 sunt.
2136 764 2339 809 Pmtundte

263 821 505 864 BawMen-c.
533 827 568 862 1.
600 823 750 860 Dousa.
791 822 988 873 profundit
1003 819 1145 875 'Mera
1176 826 1215 863 2.
1276 822 1417 863 Dousa
1447 821 1542 862 huic
1574 822 1702 861 versui
1733 824 1938 874 chparat
1969 822 2092 862 verba
2126 823 2338 878 Sulpiciae,

262 879 345 921 Sat.
371 893 409 921 v.
434 883 507 919 ³6:
552 881 640 919 Non
666 882 771 918 trabe
794 882 866 918 sed
888 888 992 927 tergo
1014 884 1226 932 prolapsus.
1277 881 1403 919 Recte
1428 879 1607 919 fortasse.
1658 879 1760 919 Mihi
1786 893 1882 918 vero
1908 892 2003 918 eum
2027 879 2258 931 fragmento
2285 885 2337 924 18

262 937 517 989 mbjungcnti
542 937 586 975 in
610 944 792 975 mentem
821 938 930 976 venit
953 938 1148 979 Martialis
1171 938 1223 977 de
1248 938 1383 992 Spect.
1407 939 1510 978 xil:
1548 953 1570 976 o
1596 940 1739 977 Lucina
1753 938 1893 990 ferox,
1918 941 1990 976 Ιιοσ
2010 942 2200 988 peperisse
2214 940 2339 989 fuit?

336 1062 400 1101 20.
463 1059 583 1099 Haud
609 1059 827 1098 immemor
850 1058 969 1108 hujus
994 1058 1073 1098 loci
1098 1060 1308 1099 Lucretius
1332 1060 1409 1099 suit
1433 1061 1514 1108 111,
1538 1046 1637 1099 5142
1692 1061 1926 1099 Commutato
1950 1062 2109 1098 animum
2127 1048 2337 1113 'quicunqne

234 1151 237 1153 Α
262 1120 435 1159 adoritur
452 1128 489 1158 et
515 1120 612 1170 infit.
653 1132 734 1171 quo
765 1117 892 1170 magis
920 1117 961 1155 in
986 1125 1179 1171 promptu
1213 1124 1273 1157 est
1297 1130 1419 1171 quam
1443 1124 1596 1156 temere
1620 1118 1660 1156 J.
1686 1117 1828 1156 Dousa
1853 1118 2068 1168 conjecerit
2092 1133 2336 1172 quemcunque.

260 1176 346 1216 Sed
370 1179 529 1216 animum
553 1175 689 1214 neseio
715 1189 767 1214 an
792 1176 1088 1229 reponendum.
1137 1176 1203 1216 De
1227 1182 1362 1214 cetero
1388 1178 1605 1215 conturbari
1625 1189 1729 1215 unus
1753 1175 1845 1216 cod.
1870 1176 1943 1216 ΚΓ.

333 1300 396 1340 21.
460 1299 571 1338 Haec
603 1298 823 1351 spectacula
850 1297 1015 1351 Capuae
1044 1310 1129 1337 non
1154 1296 1281 1338 modo
1312 1298 1472 1350 publice
1495 1298 1538 1336 in
1565 1298 1869 1350 amphitheatris
1900 1296 1972 1336 sed
1998 1299 2118 1338 etiam
2143 1300 2334 1352 privatim

259 1356 304 1400 in
328 1356 518 1395 conviviis
546 1356 609 1394 edi
636 1356 748 1394 solita
776 1356 1016 1395 memoravit
1041 1355 1185 1394 Strabo
1213 1356 1271 1403 V,
1295 1360 1332 1394 4.
1359 1356 1468 1404 cujus
1494 1354 1593 1393 haec
1613 1363 1705 1395 sunt
1722 1356 1869 1394 verba:
1906 1358 2084 1401 Kapan-an)
2107 1358 2162 1393 ἐπὶ
2185 1360 2333 1395 τοσοῦτον

256 1411 475 1464 intericiunt»,
512 1413 588 1450 ὅστ’
611 1416 663 1451 ἐπὶ
688 1413 804 1450 δεῖπνον
836 1412 963 1449 inda-v·
996 1415 1072 1461 πςὶς
1102 1411 1197 1458 ζεύγη
1228 1411 1437 1457 peroptabam,
1474 1412 1619 1460 ὅςίζοντις
1642 1414 1776 1462 ἐςιθμὶν
1803 1409 1893 1448 xuni
1918 1415 1969 1451 ruit
1994 1415 2051 1449 τόν
2075 1413 2198 1452 ‘tin-vm
2223 1416 2331 1461 ‘'tl-5.

258 1482 298 1512 ν.
325 1471 407 1512 Od.
433 1471 616 1511 Mueller.
642 1471 796 1510 Etrusc.
822 1470 874 1508 11.
901 1483 940 1522 p.
966 1472 1054 1509 222.
1118 1467 1309 1507 Nicolaus
1341 1469 1615 1508 Damascenus
1639 1482 1679 1522 p.
1708 1473 1780 1508 126
1807 1468 1869 1507 ed.
1896 1467 2024 1507 Orell.
2050 1469 2189 1510 litteris
2219 1485 2336 1511 man·

259 1530 371 1570 davit.
394 1544 479 1568 non
504 1529 616 1581 prius
644 1542 766 1579 quam
791 1529 981 1566 convivae
1008 1526 1106 1564 cibis
1126 1533 1174 1564 et
1191 1526 1286 1563 vino
1313 1526 1437 1563 satiati
1464 1527 1632 1564 fuissent
1657 1527 1921 1578 gladiatorum
1946 1527 2058 1578 paria
2079 1527 2333 1567 intromissa=

258 1588 319 1633 qai
343 1586 361 1624 ι’
382 1589 439 1635 μὶν
469 1584 548 1634 εἷμαι
580 1584 779 1632 troia-nn,
817 1584 961 1638 inquit,
1000 1585 1090 1622 adn)
1115 1582 1145 1621 Υ
1175 1583 1312 1633 iugis-cvr
1342 1585 1394 1619 fixi
1424 1581 1523 1632 τιν’τε,
1555 1583 1700 1631 ιῖδᾶμυοι.
1737 1605 1790 1614 -
1828 1584 1876 1622 In
1903 1583 2029 1623 schol.
2057 1584 2207 1625 Donati
2233 1586 2335 1627 olim

256 1642 486 1697 legebatur:
530 1647 568 1681 in
598 1647 716 1681 Iocum
740 1645 947 1693 Hispanus,
974 1648 1014 1681 et
1039 1641 1256 1680 Lindenbr.
1283 1655 1306 1679 e
1331 1640 1357 1679 l.
1383 1654 1456 1679 ms.
1483 1641 1680 1678 enotavit:
1712 1644 1751 1677 in
1776 1644 1892 1678 Iocum
1916 1644 1975 1678 his
1994 1645 2131 1690 pinnis.
2181 1643 2337 1683 Emen-

258 1702 368 1742 davit
398 1701 552 1753 primus
583 1700 623 1737 J.
649 1700 786 1736 Dousa
823 1698 1101 1735 auctoritatem
1142 1704 1299 1734 secutus
1336 1698 1478 1734 veteris
1514 1694 1718 1733 Juvenalis
1757 1695 2008 1740 scholiastae,
2052 1696 2122 1746 qui
2152 1697 2178 1733 l.
2204 1698 2246 1735 d.
2273 1699 2333 1738 sic

257 1757 461 1812 loquiturx
512 1755 676 1796 „Pinnis
701 1767 906 1806 pavonum
933 1754 1065 1792 ornari
1092 1753 1224 1792 solent
1248 1752 1502 1803 gladiatores,
1525 1751 1558 1790 si
1584 1751 1745 1802 quando
1772 1751 1821 1788 ad
1847 1754 2042 1802 pompam
2067 1750 2330 1795 descendunt.

258 1814 494 1867 Pinnirapes
519 1819 655 1851 autem
690 1811 784 1849 dicit
808 1809 968 1848 lanistas
995 1823 1044 1848 ex
1068 1808 1208 1847 habitu
1234 1808 1520 1860 gladiatorum,
1559 1807 1649 1860 quia
1675 1812 1768 1858 post
1792 1813 1968 1845 mortem
1992 1807 2136 1846 retiarii
2161 1809 2331 1861 pinnam

260 1873 304 1914 id
330 1880 389 1912 est
413 1871 614 1910 manicam
639 1870 762 1920 rapit,
788 1876 830 1906 ut
856 1868 1039 1905 ostendat
1062 1866 1216 1918 populo
1242 1880 1286 1904 se
1312 1865 1461 1904 vicisse.
1510 1866 1592 1902 Aut
1616 1864 1707 1902 ideo
1728 1863 1980 1916 Pinnirapes,
2006 1865 2098 1918 quia
2122 1866 2261 1916 pinnas
2286 1868 2331 1908 in

258 1929 381 1984 galeis
405 1927 626 1974 habebant,
651 1931 696 1963 ut
722 1923 919 1963 Lucilius:
973 1925 1063 1962 Cum
1086 1931 1225 1973 septem
1249 1925 1439 1960 incolumis
1459 1924 1584 1972 pinnis
1608 1923 1706 1961 redit
1732 1935 1780 1960 ac
1804 1924 1936 1972 recipit
1960 1933 2043 1961 se.“
2105 1922 2255 1963 Utrum
2279 1938 2331 1967 ex

257 1987 324 2028 his
347 1994 504 2026 rectum
529 1985 579 2023 sit
604 1991 644 2021 et
667 1997 767 2020 num
791 1996 885 2020 vere
912 1979 1283 2020 Schurtzfleischius
1310 1979 1549 2017 correxerit:
1584 1984 1735 2030 pinnam
1760 1982 1794 2018 is
1819 1995 1868 2018 ex
1893 1984 2039 2018 manica
2065 1985 2185 2031 rapit,
2223 1996 2332 2025 nunc

259 2043 362 2086 mihi
387 2056 472 2081 non
497 2040 634 2093 liquet.
686 2039 756 2079 Sat
780 2038 906 2077 multa
931 2038 972 2076 in
996 2038 1117 2077 rebus
1143 2034 1383 2088 gladiatoriis
1410 2035 1531 2073 etiam
1549 2042 1643 2087 post
1662 2035 1844 2088 Lipsium
1863 2043 2042 2076 accurata
2064 2036 2333 2090 disputatione

259 2100 453 2153 indigent.
504 2097 694 2137 Notabile
719 2109 816 2135 vero
844 2095 954 2148 quod
980 2092 1326 2133 Lindenbruchius
1357 2092 1636 2131 animadvertit
1666 2093 1790 2131 verba
1823 2092 1924 2132 haec
1949 2093 2089 2132 Lucilii
2121 2096 2164 2134 in
2193 2097 2329 2138 animo

260 2165 417 2198 versata
444 2170 535 2203 esse
567 2154 770 2207 Appuleio
803 2153 923 2204 Apol.
956 2160 1077 2190 extra
1128 2150 1273 2200 „Quae
1305 2149 1337 2188 si
1375 2150 1510 2187 omnia
1548 2150 1705 2188 affatim
1736 2149 1868 2187 retudi
1892 2171 1946 2180 —
1976 2151 2009 2188 si
2045 2151 2328 2203 philosophiae

260 2215 463 2257 honorem
501 2212 594 2266 (qui
627 2211 726 2251 mihi
759 2209 884 2249 salute
917 2222 1007 2247 mea
1032 2207 1234 2261 antiquior
1259 2208 1341 2256 est)
1379 2220 1576 2260 nusquam
1606 2205 1749 2254 minui,
1787 2205 1914 2244 immo
1947 2213 2085 2244 contra
2118 2207 2265 2260 ubique
2291 2207 2328 2249 si

260 2290 341 2313 cum
370 2282 511 2325 septem
538 2274 659 2322 pinnis
693 2282 786 2307 eum
818 2267 954 2307 tenui*
985 2272 1075 2308 cett.
1136 2266 1218 2307 Pro
1243 2264 1308 2307 his,
1334 2266 1565 2307 vetustiores
1588 2263 1680 2304 libri
1706 2279 1785 2304 cum
1808 2272 1948 2315 septem
1964 2268 2098 2316 poenis
2123 2265 2327 2318 exhibent,

258 2329 425 2385 Bipont.
447 2337 657 2381 conseptum
677 2329 839 2379 penitus.

336 2444 412 2482 22.
460 2439 561 2479 Non
591 2431 824 2491 infrequens
853 2437 933 2476 hoc
964 2431 1191 2488 appellandi
1224 2444 1360 2486 genus.
1432 2434 1596 2474 Praeter
1625 2435 1700 2474 alia
1738 2448 1840 2487 quae
1869 2439 1967 2474 nota
1999 2440 2094 2475 sunt
2124 2433 2326 2475 admoneo

266 2499 379 2554 quod
404 2497 553 2538 Plinius
579 2496 698 2535 tradit
724 2497 801 2543 lv,
826 2498 892 2541 22,
928 2493 1072 2532 Naxon
1096 2499 1278 2531 vocatam
1304 2505 1389 2531 esse
1413 2492 1615 2530 minorem
1641 2493 1828 2531 Siciliam.
1888 2491 2017 2541 Cujus
2043 2491 2327 2531 nominationis

264 2552 369 2614 quae
393 2556 513 2595 fuerit
537 2569 652 2594 causa
674 2555 789 2592 facile
815 2559 947 2604 potest
964 2550 1147 2604 perspici.
1199 2550 1353 2588 Puteoli
1374 2564 1488 2596 vero,
1514 2551 1594 2597 jam
1620 2563 1694 2601 per
1714 2549 1936 2588 secundum
1957 2549 2108 2587 bellum
2127 2550 2325 2587 Punicum

264 2622 458 2670 coeptum
494 2612 741 2667 frequentari
781 2609 1027 2663 emporium,
1070 2622 1176 2649 anno
1209 2623 1249 2648 u.
1282 2622 1315 2647 c.
1342 2611 1416 2649 539
1448 2622 1469 2648 a
1502 2606 1697 2648 Romanis
1737 2614 1778 2648 et
1813 2607 2057 2660 praesidium
2094 2612 2134 2644 et
2169 2619 2326 2648 nomen

263 2674 429 2727 accepit.
493 2673 578 2711 Liv.
604 2671 756 2717 XXIV,
791 2672 826 2707 7.
879 2669 1009 2707 Strab.
1035 2669 1095 2715 V,
1126 2671 1162 2705 4.
1226 2666 1346 2705 Multi
1384 2666 1463 2705 huc
1501 2666 1621 2705 etiam
1658 2673 1829 2718 propter
1865 2676 1983 2715 aquas
2019 2661 2325 2703 concurrebant.

264 2728 351 2771 Cic.
376 2731 510 2770 Plane.
536 2733 597 2769 27.
648 2729 765 2766 Varr.
792 2725 842 2764 de
868 2726 913 2764 L.
941 2726 987 2765 L.
1015 2727 1087 2773 lx,
1111 2728 1171 2763 41.
1196 2737 1237 2776 p.
1264 2727 1339 2764 507
1366 2725 1435 2777 Sp.
1486 2725 1586 2763 Plin.
1612 2725 1721 2770 XXI,
1747 2727 1782 2761 2.
1844 2720 1977 2758 Delon
2007 2725 2161 2765 autem,
2199 2733 2325 2772 quam

263 2783 475 2828 Ciceronis
498 2793 626 2828 aetate
651 2783 841 2825 celebrari
868 2783 1015 2823 desisse
1040 2788 1194 2823 constat
1217 2783 1271 2831 (v.
1291 2795 1368 2834 pro
1387 2782 1461 2835 leg.
1481 2782 1591 2821 Man.
1607 2784 1690 2830 18),
1716 2777 1833 2818 veteri
1857 2775 1981 2827 gloria
2007 2789 2135 2828 quum
2148 2775 2327 2818 Lucilius

263 2843 455 2888 scriberet
473 2845 661 2886 nondum
681 2843 886 2892 excidisse,
911 2842 984 2882 etsi
1003 2856 1053 2883 ex
1069 2841 1149 2882 hoc
1170 2842 1255 2893 ejus
1274 2854 1392 2881 versu
1416 2840 1547 2894 colligi
1565 2854 1647 2878 non
1665 2839 1772 2883 licet,
1804 2834 1920 2874 c'ertis
1938 2840 2077 2874 tamen
2095 2835 2326 2876 auctoribus
