2601 3308
275 333 443 378 m
451 321 854 373 mm
864 321 1087 375 Eme-io,
1100 323 1217 376 qus
1237 325 1368 368 verba
1398 326 1510 367 inu-a
1531 325 1754 381 proferam.
1815 326 2013 369 Alterum
2033 318 2353 386 nra-*fl

276 382 424 430 rm
452 385 615 431 habnt,
608 382 702 436 φῖ
725 397 767 435 p.
792 387 890 424 223·
938 383 1128 430 ..nodum
1162 382 1310 435 nquit,
1337 384 1423 423 *vel-
1432 385 1590 424 raudus
1622 386 1821 439 significat
1843 397 1945 425 rem
1963 376 2355 442 rudes-*at*

278 442 440 487 ficum.
458 460 519 496 ‘·.'-’'
528 439 696 492 Vulgus
722 439 927 495 quidem
913 451 956 480 ιιι
981 454 1068 479 usu
1080 438 1223 479 habuit
1246 454 1330 480 non
1355 441 1482 481 modo
1505 456 1582 507 pro
1602 458 1693 483 aere
1712 444 1967 508 imperfecto,
1991 452 2037 485 ut
2045 444 2229 485 Luu'liu·
2247 433 2350 486 ὣ

222 500 226 506 ’
275 501 560 543 duum
582 503 770 551 paoea'llum
800 502 923 538 mam
945 501 1082 550 Ιιῧιίᾳιε
1112 505 1321 544 metam,
1363 498 1435 537 sed
1476 499 1599 542 etiam
1636 512 1716 553 pro
1751 500 1935 553 signato·
1968 508 2063 547 cett.
2133 501 2349 545 Tm

276 558 382 601 Adv.
407 560 476 607 13,
499 560 550 598 25
576 564 792 610 utrumque
818 569 979 594 versum
1003 555 1056 595 ita
1082 554 1363 594 concinnavit.

638 633 742 668 Hune
767 630 982 674 catapiratem
1010 642 1098 675 puer
1125 629 1245 664 eodem
1272 630 1401 666 deferet
1425 635 1567 667 metum

638 681 778 715 Plu-nbi
796 680 994 722 pauxillum
1019 680 1132 713 rodun
1152 680 1283 725 linique
1308 686 1494 715 mataxam.

274 741 370 786 Alio
393 722 521 783 modo
544 739 748 791 scaliger.

638 812 717 845 flue
745 813 988 852 eat-pronum
1016 808 1137 846 eodem
1165 812 1315 855 deferat,
1344 819 1471 847 uncum

636 860 775 893 Plumbi
802 860 966 903 paxillum
992 859 1070 893 rodi
1094 861 1225 906 linique
1251 867 1434 895 metuam.

277 928 562 978 &apr-cratem
585 913 731 970 voluit,
756 925 849 977 quia
876 924 927 962 de
952 938 1074 976 prora
1100 926 1384 965 demitteretur.
1435 926 1653 966 Salmasius
1678 925 1853 981 denique
1876 927 2020 966 Exere.
2036 926 2097 966 Pl.
2121 940 2163 981 ρ.
2182 928 2305 968 maz

637 1002 696 1034 An
726 999 953 1041 catapirateris
981 1001 1100 1033 eodem
1126 1002 1255 1034 deferet
1281 1014 1406 1034 uncum

636 1049 774 1082 Plu-nbi
802 1046 991 1092 pauiu-m
1017 1050 1146 1083 raudus
1174 1051 1303 1095 linique
1329 1051 1529 1084 metum?

271 1116 319 1158 in
348 1121 430 1171 quo
461 1113 554 1154 vide
585 1128 647 1152 ne
669 1114 732 1151 vir
762 1114 1014 1152 doctissimus
1045 1129 1067 1153 a
1099 1116 1272 1169 vestigiis
1301 1129 1419 1154 verae
1451 1130 1593 1155 manus
1618 1115 1841 1155 discesserit
1864 1115 2048 1169 longius·
2097 1121 2206 1156 certe
2229 1114 2344 1169 pueri

269 1172 377 1225 illius
409 1173 518 1227 cuius
549 1164 673 1210 vita'm
702 1171 747 1210 in
778 1177 887 1210 tanta
918 1170 1116 1211 librorum
1149 1173 1240 1212 labe
1274 1187 1431 1213 servare
1457 1173 1621 1225 contigit
1647 1181 1820 1214 mortem
1847 1188 1923 1226 ego
1949 1173 2158 1227 deprecor.
2207 1173 2347 1215 Anno·

270 1229 373 1269 tavit
396 1229 531 1268 autem
556 1228 703 1267 haecce
728 1228 871 1280 plura.
920 1229 1125 1281 „Hesyclm
1152 1245 1398 1279 ιιπιπ-ειςητηςι
1404 1255 1416 1274 ,
1440 1231 1519 1265 τότ·
1521 1247 1554 1269 νς
1576 1234 1684 1272 βαθεῖ
1653 1247 1693 1269 εις
1717 1231 1847 1280 nagal<-
1831 1247 1893 1266 om·
1903 1258 1913 1277 ,
1946 1234 2004 1267 naa
2029 1233 2049 1271 η’
2070 1231 2223 1278 λεγομένη
2243 1230 2342 1274 βολίς.

269 1287 431 1340 (Etiam
454 1285 656 1335 pumannum
683 1293 722 1326 et
745 1284 928 1333 μολῦβῒηος
951 1285 1081 1336 καινόν.)
1131 1287 1350 1327 Dicebatur
1371 1294 1410 1326 et
1435 1290 1673 1337 κιτιπιιςητιίς.
1710 1288 1813 1327 Illud
1834 1304 1897 1342 ap.
1913 1288 2064 1329 Herod.
2091 1292 2173 1338 (11,
2197 1293 2234 1328 5.
2260 1287 2341 1328 hoe

270 1358 367 1386 usus
391 1351 452 1384 cst
476 1351 635 1399 praeter
656 1344 853 1382 Lucilium
880 1349 1074 1397 quantum
1101 1344 1246 1383 scimus
1271 1346 1425 1392 nemo).
1451 1344 1517 1383 Sic
1541 1347 1676 1390 φνεν-πός
1701 1352 1740 1384 et
1765 1348 1918 1398 φυατή,
1943 1348 2079 1397 tgna-n}
2102 1353 2143 1386 et
2166 1347 2341 1397 τρο-πή..

394 1403 461 1443 De
493 1417 538 1441 re
571 1402 688 1441 simili
720 1402 876 1440 locutus
907 1410 966 1440 est
997 1402 1144 1440 Statius
1170 1405 1244 1447 111,
1276 1406 1320 1447 2,
1350 1406 1413 1440 3⁰.
1464 1402 1596 1451 Rogat
1629 1404 1737 1440 enim
1768 1404 1810 1441 in
1842 1406 2128 1456 Propemptico
2158 1404 2229 1442 illo
2266 1406 2340 1452 (ut

269 1465 365 1505 unte
396 1469 491 1501 eum
522 1457 712 1512 Apollon.
743 1458 821 1507 IV,
853 1459 953 1509 930)
992 1471 1134 1498 omnes
1165 1456 1401 1511 Nymphas,
1439 1464 1485 1498 ut
1522 1457 1689 1511 obsequi
1728 1460 1852 1500 velint
1882 1461 2010 1501 Metio
2047 1469 2342 1514 nautarumque

268 1517 436 1560 officia
444 1517 637 1554 subeant:
690 1529 816 1568 eaque
849 1516 902 1554 ita
938 1515 1042 1554 inter
1073 1514 1145 1553 has
1176 1516 1367 1567 partitur,
1409 1522 1455 1553 ut
1491 1517 1694 1554 nonnullis
1732 1518 1939 1570 negotium
1972 1517 2041 1556 det
2069 1515 2343 1572 perscrutandi

270 1575 395 1619 maris
420 1556 686 1620 altitudinem,
716 1572 796 1612 hoc
821 1589 962 1613 versu.
1000 1576 1083 1612 Sina
1110 1577 1241 1625 quibus
1264 1578 1438 1625 exploret
1461 1590 1572 1625 rupes
1592 1578 1721 1623 gravis
1747 1587 1830 1614 arte
1854 1580 2071 1615 molor-chus.
2123 1577 2346 1616 Prudenter

268 1634 352 1689 agit
373 1631 584 1673 Emer-icus
610 1629 805 1669 Cruceius
837 1632 947 1684 quod
979 1638 1188 1684 postremo
1220 1632 1346 1671 verbo
1378 1632 1666 1684 patrocinatur,
1704 1633 1745 1670 in
1780 1645 1862 1684 quo
1894 1645 2037 1671 omnes
2066 1633 2160 1671 libri
2181 1638 2344 1686 praeter

268 1705 414 1732 unum
424 1690 683 1730 Pax-‘mensem
716 1696 954 1739 congruunt.
1012 1688 1094 1727 Sed
1128 1697 1232 1735 arte,
1269 1690 1379 1740 quod
1405 1689 1646 1727 vocabulum
1672 1689 1788 1726 nobis
1814 1688 2067 1726 notissimum
2092 1696 2167 1736 est,
2203 1689 2341 1728 licebit

267 1759 348 1804 pro
373 1753 559 1799 suspecto
588 1744 740 1783 habere
759 1744 1057 1798 defensorique
1090 1745 1174 1793 ejus
1200 1744 1368 1783 Barthio
1396 1744 1608 1783 adversari.
1659 1745 1857 1796 Quodetsi
1888 1745 1929 1783 in
1953 1745 2260 1785 instrumentum
2286 1746 2338 1786 de

270 1817 354 1860 quo
380 1803 526 1843 Statius
557 1802 653 1840 dicit
683 1802 905 1855 plurimum
938 1801 1033 1839 artis
1058 1808 1343 1854 consumptum
1371 1801 1439 1848 sit,
1475 1815 1559 1839 non
1585 1808 1719 1840 tamen
1751 1801 1848 1839 illud
1874 1800 1951 1840 hac
1976 1809 2061 1841 arte
2083 1816 2225 1842 verum
2249 1803 2338 1857 ipso

268 1862 441 1917 plumbo
466 1874 585 1912 grave
611 1867 680 1898 est.
730 1862 831 1898 Ante
857 1859 1075 1897 sententiae
1109 1865 1252 1910 poetae
1279 1858 1407 1895 multo
1434 1858 1560 1909 magis
1587 1859 1792 1904 convenit,
1829 1866 1873 1896 ut
1898 1873 1948 1897 ex
1973 1860 2197 1912 insequenti
2220 1871 2337 1899 versu

267 1918 526 1960 manifestum
556 1922 626 1956 est.
666 1911 778 1956 Patet
795 1928 893 1955 vero
913 1915 994 1955 hoc
1019 1915 1350 1962 instrumentum,
1375 1914 1426 1953 de
1451 1916 1561 1964 cujus
1586 1914 1751 1954 nomine
1777 1915 1920 1955 frustra
1946 1915 2211 1970 disceptatur,
2233 1914 2339 1958 haud

266 1974 372 2017 ‘alius
402 1974 558 2027 generis
591 1987 674 2012 esse
714 1987 836 2027 quam
868 1973 932 2012 id
949 1972 1060 2026 quod
1095 1971 1243 2025 quibus
1274 1972 1453 2023 partibus
1484 1973 1725 2011 constitisset
1756 1972 1864 2025 apud
1894 1973 2094 2013 Lucilium
2131 1974 2338 2015 verbosius

270 2046 359 2075 esse
385 2031 640 2072 enunciatum
665 2030 834 2071 videtur.
904 2031 1002 2081 Ejus
1028 2030 1196 2083 figuram
1222 2035 1263 2069 et
1287 2043 1406 2068 usum
1431 2029 1641 2069 Emer-icus
1665 2028 1861 2070 Cruceius
1881 2030 1947 2071 his
1970 2033 2105 2073 verbis
2128 2032 2339 2073 describit:

270 2092 372 2134 ,Est
396 2104 419 2131 e
449 2090 621 2143 plumbo
648 2090 897 2142 longitudine
923 2088 1207 2142 sesquipedali,
1244 2087 1504 2127 crassitudine
1537 2088 1733 2140 inaequali
1766 2095 1806 2127 et
1829 2089 1881 2127 ab
1908 2090 1991 2129 imo
2015 2091 2161 2129 sensim
2187 2091 2338 2130 decres-

269 2155 385 2189 cente
410 2147 461 2187 ad
487 2147 611 2187 instar
634 2147 867 2200 pyramidis.
922 2148 1014 2186 Una
1048 2147 1131 2195 ejus
1164 2146 1392 2185 extremitas
1417 2146 1536 2185 latior
1559 2151 1599 2183 et
1623 2145 1740 2195 plana
1767 2152 1843 2190 est,
1881 2159 1984 2197 quae
2007 2147 2105 2185 sebo
2131 2147 2194 2185 vel
2218 2147 2335 2200 adipe

268 2205 447 2245 illinitur.
485 2205 574 2243 Alia
595 2205 795 2257 angustior
819 2211 860 2242 et
884 2203 1086 2256 cuspidata
1113 2203 1298 2241 foramen
1325 2203 1449 2242 habet
1472 2216 1547 2255 per
1565 2202 1674 2254 quod
1695 2201 1811 2240 funes
1835 2201 2053 2253 longissimi
2077 2203 2336 2251 trajiciuntur.

271 2262 346 2303 nis
371 2270 469 2316 ergo
495 2261 658 2302 funibus
683 2268 826 2300 nautae
851 2261 1092 2315 plumbeum
1117 2259 1216 2300 illud
1238 2261 1549 2306 instrumentum
1573 2257 1821 2297 demittunt·
1809 2273 1850 2297 in
1870 2274 1998 2307 mare,
2023 2268 2067 2300 ut
2085 2260 2336 2301 altitudinem

268 2319 393 2371 spsius
426 2325 467 2356 et
498 2319 669 2357 fundum
701 2319 922 2370 explorent.
988 2319 1044 2356 Id
1078 2318 1187 2370 quod
1220 2318 1401 2355 factitant
1432 2317 1501 2354 ubi
1533 2315 1707 2354 anchora
1740 2315 1907 2354 fundare
1931 2330 2054 2356 naves
2077 2318 2254 2371 cupiunt.
2282 2338 2338 2348 -·

271 2374 432 2428 Quodsi
462 2389 576 2415 mare
605 2376 802 2415 vadosum
836 2383 910 2423 est,
946 2388 998 2414 an
1028 2375 1108 2414 illic
1139 2382 1270 2413 tutum
1302 2373 1353 2412 sit
1382 2387 1528 2412 navem
1560 2374 1713 2420 sistere,
1749 2373 1800 2412 ita
1827 2372 2047 2426 explorant.
2108 2374 2336 2415 Demittunt

268 2432 486 2500 plumbum
517 2433 614 2471 illud
648 2434 808 2472 funibus
839 2434 1047 2485 illigatum,
1085 2444 1294 2484 quousque
1326 2430 1377 2469 ad
1411 2430 1584 2469 fundum
1613 2431 1856 2483 pervenerit,
1892 2433 2004 2481 cuius
2035 2439 2189 2472 tactum
2224 2433 2335 2478 facile

270 2491 469 2537 sentiunt3
518 2497 721 2529 caeterum
755 2490 979 2529 extremitas
1013 2488 1171 2540 plumbi
1196 2503 1323 2542 quum
1353 2488 1471 2540 plana
1497 2488 1546 2526 sit
1571 2502 1620 2526 ex
1644 2488 1748 2527 vado
1775 2489 1885 2550 quod
1912 2490 2039 2543 attigit
2063 2492 2194 2529 statim
2217 2490 2335 2529 trahit

268 2547 420 2603 ‘aliquid
446 2547 554 2602 quod
581 2548 679 2586 sebo
704 2547 767 2585 vel
794 2546 901 2598 adipi
935 2545 1192 2585 adhaerescit.
1255 2546 1298 2586 Si
1325 2559 1444 2585 arena
1469 2544 1712 2593 adhaeserit,
1750 2560 1835 2585 non
1859 2555 2095 2587 cunctantur
2117 2546 2333 2587 anchoram

269 2607 413 2656 iacere.
462 2606 506 2645 Si
539 2604 638 2643 nihil
664 2619 712 2643 ex
738 2604 865 2642 fundo
899 2611 1118 2643 extractum
1150 2602 1294 2652 fuerit,
1336 2603 1530 2657 colligunt
1559 2603 1640 2643 illic
1672 2603 1837 2645 subesse
1872 2605 2015 2644 limum
2049 2604 2236 2644 duntaxat
2264 2612 2335 2646 aut

270 2668 413 2718 τηρεε,
449 2677 551 2718 quae
583 2661 783 2702 anchorae
808 2675 993 2701 morsum
1016 2660 1258 2715 refugiant«

1939 1043 1961 1052 s

344 2764 412 2802 33.
471 2767 600 2803 Rediit
635 2764 779 2802 Venet.
805 2762 925 2801 Basil.
987 2765 1037 2802 In
1067 2761 1191 2802 Nonii
1227 2762 1362 2802 verbis
1391 2769 1433 2802 et
1461 2762 1503 2801 in
1534 2762 1671 2816 primo
1703 2761 1828 2801 Plauti
1857 2758 2043 2812 exemplo
2075 2765 2212 2803 aaa„
2243 2763 2336 2804 libri

272 2831 431 2868 m,
453 2818 499 2860 in
523 2821 663 2862 ceteris
687 2835 773 2862 non
789 2820 920 2861 item:
958 2820 1032 2861 sed
1057 2823 1170 2861 facim
1194 2821 1340 2861 venet.
1358 2821 1487 2862 Merc.
1507 2824 1533 2861 2
1558 2820 1678 2873 idque
1700 2825 1831 2857 metro
1850 2816 1960 2882 *exigi
1985 2818 2028 2858 in
2051 2833 2171 2861 versu
2196 2822 2337 2862 Lucilii
