2601 3308
1221 213 1286 259 lo

285 347 359 393 28
415 342 542 389 Idem
572 345 650 401 lv,
683 351 753 392 85.
783 358 827 407 p.
860 350 980 391 266:
1046 340 1364 389 Commodum
1394 340 1636 406 integrum,
1666 352 1824 391 totum.
1886 343 2109 395 Lucilius:
2165 392 2171 396 .

410 428 464 485 ⁰)
1176 428 1245 474 bis
1275 430 1427 492 quina
1458 438 1684 489 octogena
1717 429 1889 475 videbis

520 500 819 558 Commoda.-
867 503 978 548 item
1014 501 1186 564 Capua
1217 503 1565 566 quinquaginta
1597 511 1737 566 atque
1768 503 1985 547 ducenta.

230 582 529 634 Commodum
572 586 627 633 ad
665 606 916 633 mensuram
956 589 1162 642 refertur,
1214 599 1263 634 ut
1301 590 1346 633 in
1385 589 1458 633 illo
1491 588 1660 633 Horatii
1696 605 1850 632 versu:
1895 587 2155 633 Intervalla
2185 587 2307 638 oz'cles

229 647 443 696 humane
473 650 740 695 commoda.
789 649 926 710 Epist.
958 654 1017 695 ΙΙ.
1053 661 1095 695 2.
1131 660 1199 697 70.
1251 650 1315 694 Cs.
1347 649 1488 694 Plaut.
1519 648 1637 693 Asin.
1670 653 1752 702 111,
1785 659 1832 702 3,
1867 658 1951 694 135
1988 657 2031 692 et
2066 659 2169 696 144.

299 792 376 837 29.
433 793 552 836 Serv.
585 788 631 832 in
662 791 774 835 Aen.
806 794 870 843 X,
905 800 1022 837 34⁵:
1069 790 1259 836 Lucilius
1290 790 1335 834 in
1367 789 1496 834 tertio
1528 805 1629 834 nox
1657 806 1742 851 pro
1773 799 1935 837 nocte.-

522 874 656 920 Hinc
687 876 846 921 media
876 878 1014 921 remis
1043 877 1331 922 Palinurum
1357 876 1569 937 pervenio
1602 890 1711 920 nox.

233 960 336 1005 Hoc
365 959 548 1005 nomine
581 971 624 1005 et
654 961 1008 1023 promontorium
1041 973 1084 1007 et
1114 973 1267 1025 portus
1301 960 1611 1024 appellabatur.
1673 960 1854 1024 Dionys.
1885 959 1982 1005 Hal.
2014 963 2052 1012 Ι,
2087 970 2158 1009 53.
2221 958 2309 1008 Sed

234 1037 383 1081 neque
415 1032 570 1082 portus
602 1040 626 1065 a
658 1023 796 1067 ventis
827 1023 1161 1068 vehementibus
1186 1035 1303 1068 tutus
1337 1033 1401 1067 est
1433 1033 1476 1066 et
1505 1033 1647 1067 totum
1680 1022 1791 1066 circa
1818 1038 1918 1065 eum
1945 1021 2062 1066 littus
2092 1022 2308 1068 concitato

237 1081 353 1129 mari
378 1081 584 1129 infestum
605 1082 920 1147 navigantibus.
964 1084 1135 1135 Cluver.
1150 1090 1201 1132 It.
1218 1095 1305 1131 ant.
1321 1087 1398 1139 IV,
1418 1094 1486 1131 14.
1503 1101 1546 1147 p.
1569 1093 1698 1131 1260.
1730 1087 1948 1130 Mannert.
1964 1081 2056 1129 Ital.
2070 1087 2125 1129 11.
2141 1100 2186 1147 p.
2206 1092 2310 1132 136.

297 1345 376 1393 30.
437 1350 583 1394 ‘Varro
616 1346 671 1394 <le
703 1351 753 1394 L.
784 1350 836 1394 L.
867 1337 922 1403 V,
957 1358 995 1394 5.
1029 1364 1070 1409 ρ.
1105 1357 1163 1393 40
1197 1350 1272 1408 Sp.
1306 1347 1386 1405 (D.
1415 1350 1506 1393 Ine.
1540 1347 1642 1405 96.)

430 1433 482 1490 ⁰)
533 1434 681 1479 Terra
712 1433 811 1479 abit
842 1435 894 1478 in
926 1431 1109 1478 nimbos
1138 1432 1402 1496 imbresque.

239 1518 469 1566 Provectis
513 1535 538 1563 e
581 1528 715 1580 portu
756 1517 825 1564 vel
862 1527 1119 1580 tempestate
1163 1537 1315 1564 serena
1360 1528 1593 1581 terraeque
1629 1513 1849 1579 urbesque
1885 1517 2117 1570 recedunt,
2166 1528 2218 1565 ut
2254 1519 2313 1565 ait

241 1579 449 1642 Virgilius
484 1583 594 1625 Aen.
632 1584 712 1631 ΙΙΙ,
756 1589 826 1625 72.
919 1579 1087 1624 Lucilio
1129 1590 1273 1625 autem
1318 1579 1460 1624 littora
1501 1578 1660 1641 legenti
1704 1588 1846 1623 terrae
1887 1590 2111 1642 aspectum
2150 1579 2313 1628 ademit

241 1641 442 1702 nigrans
470 1640 737 1683 commixtas
764 1638 984 1686 imbribus
1013 1639 1211 1686 nimbus.
1275 1640 1396 1703 Virg.
1429 1644 1539 1687 Aen.
1570 1644 1648 1694 lv,
1683 1649 1783 1686 120.
1815 1640 1867 1685 cf.
1897 1645 1972 1686 ΙΙΙ.
2007 1650 2109 1688 198.

300 1780 378 1829 31.
441 1781 560 1828 Non.
591 1781 687 1834 XV,
721 1788 793 1827 28.
825 1796 869 1843 p.
905 1788 1022 1827 546:
1068 1777 1299 1827 Carchesia
1329 1797 1433 1842 pars
1463 1778 1567 1826 mali
1596 1779 1624 1825 i.
1658 1797 1694 1826 e.
1725 1779 1962 1837 foramina,
1992 1799 2108 1846 quae
2138 1800 2311 1831 summo

238 1843 345 1890 mali
374 1843 504 1889 funes
535 1842 761 1904 recipiunt.
833 1845 942 1887 Luc.
973 1846 1062 1886 111:

534 1929 629 1974 Hic
659 1960 814 1973 ......
846 1928 971 1974 mali
995 1936 1183 1989 superat
1213 1925 1456 1973 carchesia
1483 1942 1685 1973 summa.

242 2019 440 2063 Ascensu
472 2025 676 2076 superat:
736 2014 796 2057 ita
829 2013 946 2056 enim
976 2012 1182 2072 Virgilius
1216 2029 1303 2070 quo
1336 2028 1391 2054 ue
1423 2017 1531 2056 Aen.
1563 2017 1626 2066 11,
1661 2021 1777 2057 302:
1840 2020 1884 2056 et
1913 2012 2090 2058 summi
2099 2013 2313 2074 fastigia

243 2078 355 2121 tecti
382 2091 578 2120 ascensu
606 2089 770 2134 supero
802 2081 944 2135 atque
975 2072 1172 2116 adrectis
1204 2071 1311 2114 auri
1338 2085 1391 2113 us
1424 2079 1537 2114 asto.
1620 2092 1642 2112 »
1661 2074 1767 2117 Erat
1798 2081 1942 2118 autem
1974 2073 2019 2119 in
2050 2074 2153 2120 mali
2184 2092 2313 2123 caen.

241 2137 363 2182 mine
404 2136 605 2181 machina
647 2133 881 2195 quaedam,
944 2133 988 2177 in
1033 2151 1118 2194 qua
1164 2142 1277 2176 stare
1317 2130 1386 2176 vel
1433 2149 1544 2176 unus
1588 2132 1657 2176 vel
1697 2132 1843 2194 plures
1883 2146 2104 2195 poterant,
2167 2154 2310 2198 eoque

240 2195 538 2242 ascendebant
574 2205 732 2240 nautae
771 2203 925 2239 ventos
966 2203 1009 2238 et
1048 2193 1128 2238 alia
1169 2190 1441 2254 exploraturi.
1461 2207 1483 2226 «
1580 2194 1702 2238 Haec
1740 2210 1791 2240 ex
1819 2196 1976 2260 Bayfio
2008 2206 2052 2243 et
2081 2195 2310 2246 Scheffero

243 2258 319 2319 qui
351 2257 406 2303 de
438 2275 487 2302 re
519 2256 661 2302 navali
692 2255 958 2318 scripserunt
988 2258 1115 2300 Fore.
1147 2257 1252 2299 Lex.
1284 2272 1323 2301 v.
1354 2252 1637 2298 carchesium.

279 2383 282 2389 V
308 2400 383 2446 32.
445 2399 597 2445 Isidor.
619 2399 771 2463 origg.
794 2403 918 2454 XIX,
953 2409 978 2447 4
1013 2399 1097 2459 (D.
1120 2402 1209 2446 Inc.
1237 2398 1348 2459 11):
1397 2396 1664 2460 catapirates
1686 2393 1800 2447 linea
1820 2414 1920 2446 cum
1939 2416 2081 2449 massa
2100 2396 2310 2467 plumbea

244 2477 337 2525 qua
367 2461 500 2506 maris
530 2461 707 2506 altitudo
740 2472 941 2508 tentatur.
1020 2462 1238 2508 Lucilius:

435 2546 487 2603 ⁶)
536 2546 648 2591 Huc
678 2549 1002 2607 catapiratem,
1045 2565 1181 2608 puer,
1227 2547 1388 2591 eodem
1419 2544 1547 2606 defer
1577 2553 1621 2589 et
1651 2554 1842 2592 unctum

529 2616 731 2663 Plumbi
751 2622 1021 2679 pauxillum
1053 2620 1195 2666 rodus
1225 2620 1398 2684 linique
1428 2628 1686 2665 metaxam.

2053 2603 2078 2621 3-

238 2701 516 2753 providentis
554 2703 666 2750 baec
704 2714 823 2755 sunt,
876 2723 931 2751 ne
968 2708 1013 2752 in
1050 2706 1198 2752 brevia
1232 2706 1471 2769 abripiatur
1509 2703 1656 2750 autin
1687 2722 1785 2751 saxa
1823 2701 2014 2752 latentia.
2085 2701 2305 2754 Plumbeo

240 2766 573 2830 perpendicu10‚
607 2765 728 2829 quod
747 2766 907 2813 Graeci
928 2766 1266 2829 καταπειςατῆξα
1293 2768 1381 2814 sive
1405 2759 1558 2815 Βολίδα
1585 2766 1882 2830 appellabant,
1913 2777 2095 2822 nautae,
2127 2768 2307 2818 simulac

238 2827 480 2873 timendum
521 2839 614 2873 erat
644 2846 700 2874 ne
733 2828 882 2876 carina
917 2827 1038 2877 vadis
1077 2839 1152 2876 aut
1182 2829 1363 2893 rupibus
1392 2826 1653 2885 illideretur,
1698 2827 1935 2877 utebantur
1965 2827 2023 2877 ad
2052 2840 2305 2896 pertentan-
