2601 3308
1280 193 1338 249 Π

271 338 375 389 dam
403 341 537 388 maris
569 337 848 385 altitudinem.
921 338 1021 395 Qua
1054 335 1273 398 explorata
1292 327 1382 381 *ubi
1415 348 1645 382 senserunt
1674 349 1836 384 terram
1870 355 1963 383 non
2025 338 2149 386 rocul
2182 338 2338 389 abesse

270 414 346 450 aut
384 401 576 464 alioquin
615 400 709 445 sore
746 397 1034 462 periculosam
1073 396 1414 458 navigationem,
1466 397 1682 457 jaciebant
1720 417 1928 446 ancoram
1966 417 1990 445 a
2060 419 2193 463 quam
2230 418 2338 448 con·

269 465 486 515 sisterent,
518 459 630 510 Θοοῖς
658 457 750 510 ναὸς
775 458 965 516 χαλινόν,
998 467 1048 500 ut
1079 457 1181 500 dicit
1211 456 1449 509 Pindarus,
1482 468 1526 501 et
1556 453 1744 522 χοιςοίὸος
1771 458 1915 523 ἄλκας
1944 456 2112 525 πέτςας.
2176 461 2244 510 Cf.
2275 460 2337 509 id.

268 525 340 574 01.
371 527 456 577 VI,
492 532 577 569 170
612 532 655 566 et
684 525 779 567 Act.
811 522 964 579 Apost.
997 519 1184 571 XXVII,
1219 526 1415 563 37—30
1450 527 1494 561 et
1526 528 1600 564 40.

330 665 403 713 33.
464 665 581 715 Non.
613 666 672 716 Π,
708 668 810 707 422.
842 677 885 722 p.
923 668 1021 707 123.

553 753 687 799 Illud
717 753 787 797 ad
814 752 973 797 incz‘ta'
1005 767 1151 814 quum
1180 750 1296 797 redit
1328 760 1469 815 atque
1500 751 1872 798 internecionem.'

266 846 400 906 Apte,
430 849 480 887 ut
510 857 608 885 mea
641 848 704 883 est
736 836 907 900 opinio,
938 837 1026 882 hoc
1059 855 1236 900 quoque
1269 838 1456 884 refertur
1487 838 1542 884 ad
1574 838 1905 900 navigationem.
1975 837 2183 887 Incidisse
2215 840 2333 889 enim

265 920 424 951 navem
455 902 500 946 in
533 899 707 962 aliquod
740 913 947 961 magnum
976 899 1240 962 periculum,
1287 900 1321 945 si
1354 900 1579 965 superiora
1611 910 1728 946 recte
1759 900 1849 946 huc
1878 901 2189 959 transtulerim,
2236 921 2332 951 cre»

268 963 399 1009 dibile
432 973 562 1026 atque
594 960 821 1008 verisimile
855 971 929 1003 est.

328 1106 404 1153 34.
465 1104 588 1152 Idem
619 1108 742 1157 XIII,
780 1112 848 1148 16.
881 1120 925 1164 p.
960 1111 1061 1149 536.
1101 1102 1182 1161 (D.
1213 1105 1302 1147 Ine.
1338 1102 1438 1160 10.)

456 1194 508 1257 ⁶)
553 1195 872 1240 Armamenta
903 1204 1079 1245 tamen,
1127 1196 1328 1245 malum,
1380 1195 1479 1240 vela
1511 1193 1677 1240 omnia
1706 1208 1864 1242 ser-oo:

554 1268 609 1313 F
602 1268 705 1312 αηιῖς
736 1268 861 1311 enim
886 1268 1114 1326 praecisu'
1143 1268 1232 1312 cito
1265 1276 1406 1329 atque
1437 1267 1606 1328 ἄγκυρα
1637 1269 1803 1311 soluta.

331 1407 406 1454 35.
468 1407 643 1453 Probus
677 1406 731 1451 ad
763 1406 882 1468 Virg.
913 1406 1064 1451 Bucol.
1096 1407 1215 1451 init:
1278 1411 1458 1453 Orestes
1497 1418 1599 1470 post
1628 1406 1907 1469 parricidium
1937 1406 2088 1453 furens
2119 1424 2333 1471 responso

271 1468 439 1522 didicit,
479 1469 599 1529 quod
633 1468 884 1529 deponeret
905 1469 1099 1513 furorem
1131 1469 1189 1513 ita
1223 1468 1419 1521 demum,
1466 1469 1499 1513 si
1532 1479 1786 1529 recuperata
1820 1485 1970 1512 sorore
2001 1469 2228 1530 Iphigenia
2261 1471 2337 1515 ab·

268 1528 464 1578 lueretur
505 1529 657 1579 fluvio,
712 1529 786 1590 qui
827 1539 993 1599 septem
1034 1529 1282 1575 fluminibus
1328 1528 1680 1575 confunderetur.
1768 1528 1857 1574 Diu
1898 1540 2073 1575 vexatus
2119 1548 2255 1591 quum
2292 1530 2337 1577 in

269 1589 457 1639 Taurica
479 1590 749 1660 Iphigeniam
775 1601 1022 1651 reperlsset,
1054 1591 1173 1635 venit
1203 1591 1257 1636 ad
1286 1592 1397 1636 fines
1420 1591 1749 1653 Rheginorum:
1781 1589 1929 1651 ibique
1959 1589 2136 1636 invento
2161 1591 2338 1638 flumine

270 1652 409 1696 elutus
452 1652 619 1755 uagom
662 1651 706 1692 in
746 1651 932 1693 Siciliam
976 1662 1018 1693 et
1056 1651 1172 1708 juxta
1211 1657 1442 1712 Syracusas
1488 1669 1511 1693 a
1552 1651 1722 1692 somnio
1762 1650 2009 1692 admonitus
2055 1652 2337 1697 simulacrum

272 1710 380 1760 deae
414 1729 502 1772 quo
567 1728 714 1755 secum
748 1709 802 1754 de
836 1710 1022 1756 Taurica
1056 1709 1286 1755 advexerat
1315 1711 1481 1772 templo
1546 1710 1655 1755 osito
1689 1708 1980 1753 consecravit:
2019 1727 2150 1770 quam
2184 1729 2207 1756 a
2241 1711 2338 1773 pel-

271 1771 373 1820 lavit
403 1771 679 1823 Phacelitim,
732 1771 851 1832 quod
890 1773 1004 1815 fasce
1036 1771 1253 1832 lignorum
1293 1782 1455 1816 tectum
1526 1789 1549 1815 e
1580 1770 1763 1815 Taurica
1798 1768 2073 1814 simulacrum
2106 1781 2202 1816 extu
2219 1783 2333 1818 1sset.

270 1858 335 1871 -
370 1857 433 1871 -
468 1831 745 1882 Phacelitidis
772 1843 918 1878 autem
942 1832 1112 1878 Dianae
1133 1831 1322 1878 Lucilius
1346 1850 1523 1894 quoque
1547 1832 1590 1875 in
1615 1831 1742 1875 tertio
1763 1830 2005 1876 Satirarum
2027 1831 2219 1878 meminit
2246 1833 2336 1881 sic:

1320 1925 1364 1961 et
1392 1933 1530 1977 saepe
1562 1917 1692 1978 quod
1721 1924 1832 1961 ante

565 1988 767 2049 Optasti,
808 1989 945 2048 freta
975 1989 1235 2033 Messanae
1265 1988 1561 2046 et.Rhegina
1592 1988 1759 2032 videbis

559 2062 783 2111 Moenia,
817 2070 916 2106 tum
939 2060 1157 2121 Liparas,
1189 2061 1487 2106 Phacelinae
1519 2058 1626 2121 (et)
1660 2062 1836 2121 templa
1856 2062 2064 2109 Dianae.

274 2146 443 2198 Poterit
468 2144 605 2193 videri
629 2145 889 2207 quibusdam
917 2144 1011 2190 loca
1040 2147 1151 2191 haec
1181 2164 1234 2191 eo
1260 2144 1414 2191 ordine
1476 2146 1649 2198 roserri,
1682 2156 1730 2191 ut
1758 2146 1988 2191 existimari
2018 2147 2175 2192 debeat
2198 2146 2334 2200 illum,

277 2209 469 2273 quisquis
508 2208 572 2252 est
611 2225 742 2269 quem
784 2206 1015 2267 alloquitur
1045 2206 1235 2251 Lucilius
1276 2207 1385 2264 (nisi
1422 2163 1550 2251 aiium
1590 2216 1676 2250 tam
1710 2206 1847 2268 perite
1885 2206 2135 2268 loquentem
2167 2207 2337 2254 induxit

276 2289 328 2318 ac
368 2272 550 2316 sortasse
592 2269 735 2330 ipsum
773 2267 985 2312 terrestris
1026 2267 1189 2311 itineris
1234 2269 1464 2313 comitem:
1526 2286 1627 2312 nam
1672 2268 1893 2329 navigasse
1931 2269 2120 2313 Lucilius
2161 2269 2337 2315 videtur

277 2332 413 2384 solus,
443 2349 484 2376 v.
505 2334 577 2374 Fr.
613 2330 697 2380 29)
728 2329 848 2374 illum
880 2329 1010 2389 igitur
1039 2328 1158 2390 prius
1191 2339 1527 2389 conspecturum
1561 2346 1651 2373 esse
1684 2329 1840 2373 fretum
1872 2339 1914 2373 et
1946 2329 2168 2391 Rhegium
2202 2347 2337 2391 quam

245 2392 455 2455 'Liparas
488 2400 531 2434 et
560 2389 773 2451 templum
798 2390 977 2435 Dianae.
1043 2387 1212 2446 Quodsi
1242 2388 1301 2432 ita
1333 2406 1436 2434 vere
1469 2390 1747 2443 existimetur,
1777 2389 1992 2434 Lucilium
2023 2408 2116 2436 non
2148 2391 2248 2437 navi
2279 2388 2335 2436 ad

277 2455 438 2502 fretum
476 2450 551 2496 sed
589 2451 774 2513 pedibus
813 2449 1059 2512 pervenisse
1101 2449 1180 2493 erit
1218 2449 1262 2492 in
1302 2451 1522 2503 confesso,
1571 2451 1732 2511 quippe
1772 2451 1847 2511 qui
1885 2452 2028 2497 sinum
2070 2470 2094 2497 a
2126 2452 2333 2497 Palinuro

278 2512 581 2580 promontorio
612 2528 752 2572 usque
791 2512 846 2555 ad
876 2510 1114 2573 Scyllaeum
1152 2520 1373 2570 patentem
1404 2511 1576 2570 trajicit,
1622 2521 1722 2555 ante
1754 2528 1934 2556 necesse
1967 2522 2032 2557 est
2062 2512 2336 2572 conspicetur

279 2575 452 2626 Aeolias
476 2569 729 2633 Siciliaeque
760 2571 876 2616 littus
910 2590 1040 2633 quam
1071 2571 1168 2615 freti
1199 2571 1416 2633 angustias
1448 2571 1747 2634 oppidumque
1768 2573 2001 2635 Rhegium.
2057 2576 2219 2615 Verum
2246 2571 2335 2618 tale

281 2648 347 2683 est
368 2636 536 2681 initium
558 2634 687 2693 hujus
716 2633 967 2694 fragmenti,
1000 2644 1047 2678 ut
1072 2632 1124 2676 sit
1148 2633 1285 2695 magis
1311 2645 1676 2687 consentaneum,
1709 2644 1808 2681 tam
1838 2632 2087 2694 particulam
2113 2632 2336 2693 pertinere

280 2714 373 2744 non
414 2696 470 2744 ad
506 2694 716 2758 temporis
755 2695 1108 2756 consequentiam
1148 2693 1225 2739 sed
1263 2693 1318 2739 ad
1352 2714 1498 2740 rerum
1530 2695 1838 2746 diversitatem,
1884 2703 1932 2737 ut
1961 2691 2078 2737 idem
2110 2692 2253 2739 valeat
2285 2712 2337 2740 ac

276 2769 538 2820 praeterea,
585 2756 865 2821 promittique
896 2756 964 2802 his
995 2755 1189 2804 versibus
1227 2756 1323 2801 sore
1354 2768 1403 2802 ut
1433 2757 1527 2802 loca
1565 2757 1643 2802 ista
1677 2755 1816 2801 omnia
1844 2752 1969 2798 simul
2000 2754 2336 2825 prospiciantur.

282 2818 335 2865 ld
366 2837 455 2880 quo
485 2837 577 2864 uno
617 2818 673 2863 de
703 2818 802 2862 loco
833 2818 931 2862 fieri
960 2818 1098 2880 possit
1126 2818 1162 2863 si
1193 2819 1383 2880 quaeris,
1429 2819 1536 2863 mihi
1568 2833 1725 2877 operae
1758 2824 1820 2857 est
1857 2813 1977 2876 quod
2009 2825 2150 2860 sentio
2184 2833 2337 2879 expro-
