2601 3308
1284 129 1348 176 13

276 260 527 334 ἒξειίςεσθαι
558 259 631 306 καὶ
660 257 841 320 βςόμους
873 254 1177 316 ἐκπέμπεσθαι
1215 255 1392 320 μείζους.
1470 263 1710 323 Fragosam
1750 261 2025 307 flammarum
2072 260 2348 324 eruptionem

275 323 467 370 Lucilius
497 322 543 366 in
575 317 775 364 secundo
806 319 905 364 Ioco
940 337 1039 364 eum
1078 320 1233 365 ictibus
1264 320 1542 365 tuditantium
1576 323 1763 376 confert,
1808 322 1853 366 id
1887 322 2007 385 quod
2038 334 2216 385 praeter
2245 321 2348 367 Vir-

275 383 428 448 gilium
454 379 627 445 planius
657 379 786 426 etiam
817 378 1019 442 exprimit
1048 389 1203 424 auctor
1231 383 1401 425 Aetnae
1432 381 1654 437 carminis,
1697 400 1738 429 v.
1773 392 1887 430 556:

576 452 588 460 ⁴
1508 458 1550 488 ut
1587 465 1697 500 quum

730 506 893 546 Fabriles
925 519 1057 556 operae
1087 506 1233 545 tudibus
1265 508 1488 545 contundere
1523 522 1648 546 massas

732 565 764 601 F
768 565 943 611 effluant,
994 564 1099 615 ignes
1132 565 1296 614 quatiunt
1327 565 1498 615 sollesque
1530 573 1729 605 trementes

732 622 948 659 Exanimant
987 636 1184 673 pressoque
1221 624 1396 674 instigant
1435 624 1581 675 agmine
1618 632 1757 663 ventos.

335 738 411 784 38.
467 738 588 781 Non.
617 735 699 787 111,
731 741 833 779 200.
866 750 909 795 p.
943 742 1046 780 223.
1086 734 1168 789 (D.
1200 737 1289 779 Inc-
1324 733 1421 792 53.)

465 818 516 876 ⁰)
563 819 704 862 Saxa
734 827 776 862 et
805 819 974 862 stridor
1004 817 1087 863 ubi
1114 820 1407 882 nequierunt,
1454 828 1556 866 tum
1583 818 1745 867 sibilus
1775 820 1930 865 instat.

272 905 433 953 sibilus
463 903 537 947 hie
571 903 643 947 vel
674 913 904 947 ventorum
939 913 1003 946 est
1041 904 1261 965 strepitus,
1311 906 1384 966 qui
1417 906 1522 949 flant
1553 922 1635 967 per
1666 905 1970 948 subterraneas
2003 900 2240 946 vulcaniae
2272 914 2343 945 ca·

272 984 430 1014 vernas
463 966 527 1022 (v.
548 967 667 1010 Serv.
690 963 735 1008 in
758 967 867 1009 Aen.
891 966 1012 1016 VIII,
1045 965 1160 1019 416)
1192 965 1260 1009 vel
1292 984 1424 1011 sonus
1455 967 1526 1011 ille
1560 984 1692 1026 quem
1715 965 1949 1010 Dom'llius
1981 962 2099 1023 apud
2123 965 2274 1006 Burm.
2298 961 2342 1004 in

271 1028 394 1089 Virg.
416 1030 539 1078 VIII,
573 1035 660 1069 422
696 1024 797 1068 dicit
825 1024 947 1084 quasi
976 1024 1186 1068 fluctuum
1210 1026 1338 1070 maris
1367 1044 1461 1070 esse
1489 1026 1530 1071 vi
1561 1044 1643 1087 per
1674 1043 1880 1070 cavernas
1909 1023 1964 1069 ab
1991 1034 2090 1069 utro
2156 1039 2180 1067 e
2210 1019 2343 1065 latere

270 1087 442 1158 pervias
473 1084 731 1128 irruentium
765 1094 807 1127 et
837 1085 1185 1145 penetrantium:
1250 1086 1324 1147 qui
1357 1086 1462 1131 dum
1494 1096 1801 1147 pertranseunt
1846 1086 1936 1144 (sic
1968 1084 2098 1129 diluci
2132 1083 2195 1127 'us
2226 1080 2343 1143 idem

269 1164 318 1194 m
351 1144 512 1191 charit.
543 1161 586 1206 p.
622 1154 708 1189 621
745 1143 811 1188 ed.
845 1145 992 1205 Lips.)
1040 1163 1139 1189 saxa
1171 1147 1298 1204 ignea
1330 1165 1413 1207 per
1444 1158 1655 1191 craterem
1695 1165 1855 1208 magno
1888 1163 1989 1191 cum
2020 1146 2195 1207 fragore
2228 1141 2342 1186 exire

271 1216 436 1270 cogunt
473 1222 572 1250 aere
609 1204 654 1249 in
693 1204 917 1266 superiora
956 1223 1157 1267 expresso
1196 1217 1238 1250 et
1275 1208 1375 1251 satis
1413 1207 1496 1252 alte
1536 1207 1693 1252 tollunt
1731 1206 2099 1267 ejaculanturque.
2167 1206 2340 1248 Horum

268 1268 402 1329 igitur
440 1266 637 1337 spiritum
681 1276 875 1326 perstare
914 1267 972 1310 ait
1010 1267 1201 1312 Lucilius
1237 1267 1306 1314 vel
1351 1277 1446 1313 tum
1483 1266 1662 1313 demum
1700 1266 1910 1323 exaudiri,
1970 1264 2097 1313 simul
2135 1279 2339 1310 saxorum

270 1327 432 1377 'stridor
461 1325 714 1389 ahquandiu
744 1327 989 1373 cessaverit.
1034 1357 1039 1362 -

1144 1430 1168 1455 0
1292 1432 1316 1456 Ο
1439 1431 1463 1456 O

327 1552 404 1599 39.
465 1546 591 1595 Idem
621 1550 702 1600 ΠΙ,
736 1555 808 1593 96.
841 1563 884 1609 p.
919 1556 1024 1594 2⁰6.
1091 1548 1256 1594 Charis.
1287 1552 1321 1594 Ι.
1353 1566 1396 1610 p.
1432 1558 1505 1595 55.

557 1632 796 1677 Romanis
826 1633 950 1677 ludzls
964 1634 1110 1692 sorus
1141 1633 1257 1677 olim
1288 1634 1471 1679 ornatu'
1503 1631 1710 1678 lucernis.

329 1744 415 1794 4ον
467 1739 593 1790 Idem
623 1744 726 1795 VII,
761 1749 832 1788 64.
864 1758 908 1804 p.
944 1752 1048 1789 475.

557 1827 634 1872 Tu
662 1835 842 1883 partem
876 1827 1037 1872 laudis
1066 1842 1269 1886 caperes,
1317 1835 1369 1871 tu
1397 1825 1584 1886 gaudia
1614 1840 1797 1870 mecum

553 1899 799 1944 Partisses.

329 2011 403 2056 41.
465 2003 592 2053 Idem
622 2010 664 2061 Ι,
699 2015 800 2053 178.
832 2022 875 2068 p.
910 2014 982 2051 38.
1028 2007 1105 2059 IV,
1139 2014 1239 2052 119.
1271 2022 1316 2068 p.
1350 2015 1455 2053 279.

554 2092 861 2156 Symmachu'
886 2100 1144 2153 praeterea,
1170 2091 1288 2153 jam
1320 2102 1419 2138 tum
1451 2091 1653 2152 depostu’
1684 2090 1921 2142 bubulcus,

555 2166 823 2227 Exspz'rans
854 2167 1075 2212 animam
1099 2166 1403 2224 pulmonibus
1434 2181 1569 2226 aeger
1598 2162 1779 2224 agebat.

330 2279 404 2326 42.
466 2274 592 2324 Idem
622 2276 685 2332 II,
732 2285 834 2323 ¹733.
866 2293 909 2338 p.
947 2284 1047 2321 164.

475 2354 478 2355 ⁷
554 2361 776 2407 Exhalat
800 2359 1018 2422 placidos
1049 2368 1149 2404 tam
1179 2357 1371 2404 demum
1395 2368 1578 2419 pectore
1607 2367 1770 2404 ructus.

332 2473 412 2520 43.-
469 2469 635 2519 Charis.
667 2471 723 2514 ΙΙ.
755 2487 797 2532 p.
837 2478 937 2517 197.

563 2554 738 2616 Utpote.
