2601 3308
0 0 604 41 &W'ffifzuwrss‘'t’*-‘⁵÷‘**;·⁷··*>·1
808 3 834 12 ·’
971 0 1007 14 ³*-
1040 0 1044 6 ·
1068 0 1158 23 Ἂν»,
1172 0 1205 21 J»
1245 20 1258 29 .

25 23 58 40 ,ης
89 30 104 43 ,1,
114 25 121 38 ,ι
134 20 162 39 ..Γ
220 26 229 37 ,ι
271 19 282 24 ”·
362 30 365 33 .
380 28 383 41 3
705 25 716 31 -ι
923 31 926 34 .
1092 27 1096 32 .
1136 20 1138 22 ’
1187 32 1195 41 ,
1333 25 1344 35 ν

4 70 13 82 ».
96 67 124 87 >s
515 50 537 71 .-

236 287 426 352 pretium
458 286 524 333 sit.
620 286 722 347 Qua
753 285 926 333 ratione
958 285 1113 333 ductus
1154 304 1229 333 sex
1259 277 2320 352 fingmentabtnctranstuliexiisquaenpnd
2488 348 2490 351 ι
2537 294 2575 344 ’ξ

236 366 433 410 Dousam
463 359 631 408 incerta
662 370 889 408 vocantur.
963 363 1135 406 Verum
1167 358 1296 406 etiam
1328 358 1435 405 illud
1467 360 1706 416 confiteor,
1734 375 1964 432 vsummaom
1995 358 2229 410 audentiae
2252 355 2333 422 [iffi

237 434 486 495 adjunctam
519 451 614 480 esse
646 444 856 497 oportere
889 433 1140 480 cautionem
1171 453 1222 481 ac
1255 433 1539 496 diligentiam,
1576 443 1626 479 ut
1654 450 1713 479 ne
1745 435 1948 481 arcessita
1980 445 2055 482 aut
2086 432 2319 482 artificiosa

238 507 292 554 sit
322 506 553 571 explicatio
593 526 710 555 neve
738 507 982 571 interpres,
1026 519 1077 554 ut
1107 509 1166 554 ita
1198 508 1340 554 dicam
1374 518 1528 553 contra
1558 507 1810 563 Horatium,
1857 507 1939 553 sibi
1970 525 2043 554 res
2072 506 2321 571 subjungat.

236 596 376 642 quum
416 598 465 625 se
501 598 686 626 necesse
722 581 776 625 sit
814 597 908 624 esse
948 581 1229 640 subjunctum
1268 582 1416 626 rebus.
1515 585 1580 625 Ita
1619 581 1782 625 sactum
1819 590 1902 633 est,
1954 590 2005 625 ut
2041 597 2134 626 non
2171 579 2320 627 omnin

238 653 528 716 aequabiliter
567 671 877 716 persequerer,
933 653 1011 698 sed
1057 653 1268 699 nonnulla
1315 654 1467 700 leviter
1511 663 1760 715 tangerem,
1818 650 1899 699 alia
1944 648 2320 714 quemadmodum

238 725 519 789 intelligenda
553 736 698 770 essent
726 725 829 770 loco
863 724 1087 771 dumtaxat
1119 745 1253 787 quem
1284 745 1308 771 a
1338 744 1410 771 me
1442 736 1670 788 acceptum
1701 737 1853 774 tenent
1885 725 2128 788 significare
2149 726 2325 783 vellem,

236 799 325 846 alia
354 800 400 843 in
431 800 521 842 fine
552 798 695 860 posita
725 799 914 860 'prorsus
947 799 1106 846 intacta
1146 799 1456 862 relinquerem.
1547 797 1697 846 Nihilo
1730 797 1876 844 minus
1906 799 1952 844 in
1985 783 2047 844 eis
2078 814 2192 860 quae
2221 797 2322 845 illu·

239 870 404 917 strandi
442 888 572 916 causa
612 870 831 933 disputata
867 883 969 917 sunt
1008 889 1186 926 vereor,
1235 889 1292 917 ne
1323 873 1482 918 iterum
1521 890 1573 918 ac
1604 871 1778 934 saepius
1815 889 1841 917 a
1872 889 1980 917 vero
2013 868 2322 927 aberraverim,

238 943 431 1006 voloque
474 943 534 1008 ita
583 944 730 989 omnia
776 938 857 990 ista
904 944 1059 1009 accipi,
1122 961 1214 990 non
1264 944 1388 1008 quasi
1432 962 1483 991 ex
1532 945 1711 991 oraculo
1754 944 1967 1007 Apollinis
2014 944 2161 1010 Pythii
2205 942 2321 1011 edita

240 1019 527 1080 (quanquam
567 1018 665 1079 quis
706 1018 857 1063 credat
895 1037 969 1063 me
1009 1036 1109 1063 cum
1143 1036 1196 1064 eo
1239 1019 1348 1064 velle
1382 1020 1664 1081 comparari?
1675 1019 1694 1076 )
1752 1018 1828 1063 sed
1867 1029 1917 1063 ut
1953 1019 2009 1062 ab
2048 1015 2322 1063 homunculo

241 1090 358 1135 dicta
382 1109 474 1135 uno
505 1109 529 1135 e
560 1091 728 1144 multis,
768 1092 878 1136 sicut
903 1093 1057 1137 Cicero
1084 1093 1161 1147 ait,
1201 1093 1276 1153 qui
1305 1111 1350 1137 se
1380 1093 1468 1137 salli
1499 1111 1629 1154 posse
1661 1110 1752 1136 non
1783 1092 1956 1136 nescius
1988 1090 2147 1135 erroris
2172 1101 2323 1135 tamen

242 1175 370 1210 metu
400 1163 613 1210 deterreri
644 1183 737 1210 non
768 1166 982 1228 potuerit,
1013 1165 1120 1228 quin
1150 1165 1223 1214 vel
1251 1166 1298 1212 in
1329 1165 1523 1213 tenebris
1554 1165 1767 1229 dispicere
1799 1176 1841 1211 et
1871 1162 2080 1227 progredi
2111 1161 2323 1226 quadam·

243 1246 372 1284 tenus
404 1236 599 1282 auderet.

364 1311 436 1353 De
472 1307 563 1361 via,
609 1323 741 1369 quam
772 1305 966 1352 Lucilius
1003 1324 1209 1353 emensus
1247 1315 1313 1354 est
1349 1307 1561 1371 cujusque
1598 1307 1834 1354 terminum
1873 1318 2053 1355 auctore
2091 1306 2323 1354 scholiaste

240 1379 414 1427 Horatii
444 1391 721 1443 compertum
751 1380 989 1434 habemus,
1042 1379 1284 1426 admodum
1314 1400 1454 1445 pauca
1487 1392 1588 1426 sunt
1619 1399 1731 1443 quae
1764 1392 1881 1427 certa
1914 1382 2117 1441 sciantur.
2202 1382 2323 1428 Nam

244 1472 363 1517 quae
393 1453 567 1513 adjecto
595 1454 666 1499 vel
697 1472 791 1498 non
822 1454 1023 1514 neglecto
1058 1471 1082 1498 a
1115 1454 1298 1499 librariis
1330 1456 1429 1500 libri
1461 1472 1646 1500 numero
1679 1455 1724 1499 in
1755 1466 1953 1515 veterum
1986 1455 2154 1517 scriptis
2185 1470 2326 1499 asser-

244 1539 346 1576 vata
377 1538 498 1579 sunt,
528 1527 639 1573 nihil
666 1545 716 1573 ea
745 1527 1013 1589 patefaciunt
1041 1527 1122 1573 nisi
1150 1529 1285 1575 haec:
1325 1530 1468 1592 primo
1494 1529 1709 1575 Lucilium
1734 1529 1816 1575 iter
1846 1528 2001 1574 secisse
2028 1547 2111 1592 per
2136 1527 2325 1584 Latium,

247 1600 408 1648 deinde
455 1601 502 1645 in
547 1612 682 1662 portu
731 1600 878 1662 aliquo
929 1602 1194 1662 Campaniae
1248 1621 1405 1648 navem
1454 1602 1759 1648 conscendisse
1813 1603 1859 1648 in
1908 1621 2048 1664 eaque
2093 1601 2324 1648 Salernum

243 1683 418 1719 vectum
451 1688 548 1716 esse
579 1688 630 1716 ac
661 1681 815 1732 postea
849 1670 905 1715 ad
935 1672 1194 1717 Palinurum
1226 1674 1607 1734 promontorium:
1646 1691 1786 1719 unum
1819 1673 1986 1717 accedit
2016 1673 2325 1733 fragmentum,

241 1746 290 1792 in
327 1763 418 1807 quo
457 1762 507 1788 se
543 1743 601 1788 ad
638 1743 799 1786 fretum
838 1742 1032 1787 Siculum
1070 1743 1105 1787 si
1142 1762 1233 1788 non
1271 1745 1542 1807 pervenisse,
1591 1756 1706 1789 certe
1745 1755 2059 1807 perventurum
2097 1754 2325 1800 monstrat,

244 1818 324 1867 sed
355 1829 531 1863 terrane
562 1833 648 1878 per
674 1818 878 1861 Lucanos
899 1817 1184 1878 Bruttiosque
1216 1836 1273 1864 an
1304 1818 1415 1864 mari
1446 1818 1571 1877 (licet
1602 1819 1691 1865 hoc
1721 1817 1992 1881 probabilius
2025 1835 2158 1880 quam
2180 1815 2325 1876 illud)

243 1893 463 1939 incertum
496 1900 574 1935 est.
619 1887 789 1935 Additis
821 1907 926 1934 vero
959 1889 1009 1933 iis
1044 1907 1156 1952 quae
1189 1891 1234 1935 in
1267 1891 1517 1951 conjectura
1550 1892 1690 1953 posita
1724 1901 1824 1936 sunt
1854 1900 2024 1935 tantum
2055 1889 2324 1953 proficimus,

241 1976 293 2014 ut
324 1964 384 2011 de
414 1962 536 2010 omni
568 1980 701 2008 cursu
732 1980 867 2024 quem
887 1962 1084 2006 Lucilius
1111 1964 1239 2025 petiit
1265 1963 1390 2009 brevi
1421 1963 1560 2027 spatio
1586 1974 1768 2028 excepto
1802 1963 2057 2026 opinionem
2082 1963 2325 2012 habeamus

242 2057 337 2085 non
368 2037 679 2100 spernendam.

370 2123 443 2164 De
476 2117 657 2165 consilio
688 2116 852 2160 itineris
884 2116 1044 2161 mirum
1078 2135 1171 2161 non
1202 2116 1444 2171 videbitur,
1484 2117 1520 2162 si
1549 2136 1729 2180 prorsus
1761 2118 1869 2163 nibil
1901 2129 2102 2164 constare
2134 2119 2322 2164 affirmo.

245 2191 488 2240 Videamus
518 2202 666 2236 tamen
699 2189 804 2252 quid
838 2189 895 2236 de
927 2209 980 2236 eo
1014 2191 1142 2237 statui
1173 2191 1322 2253 possit.
1406 2192 1524 2238 Dixit
1557 2192 1673 2238 enim
1706 2203 2026 2239 commentator
2055 2193 2148 2248 ille,
2193 2191 2326 2239 Luci·

244 2265 352 2312 lium
390 2283 532 2327 usque
570 2264 627 2310 ad
672 2265 834 2309 fretum
872 2264 1068 2310 Siculum
1113 2265 1299 2311 venisse.
1395 2265 1567 2324 Quibus
1609 2266 1655 2311 in
1692 2265 1836 2312 verbis
1883 2285 2019 2329 quum
2060 2265 2179 2313 nulla
2214 2265 2322 2313 urbs

245 2349 536 2392 memoretur,
588 2338 645 2383 ad
684 2355 817 2400 quam
855 2338 1047 2383 Lucilius
1086 2338 1284 2383 ultimam
1319 2339 1573 2393 tetenderit,
1622 2339 1764 2384 nullus
1805 2341 1944 2386 homo
1984 2340 2108 2401 cujus
2143 2338 2322 2386 videndi

246 2430 380 2459 causa
410 2411 493 2456 iter
522 2412 742 2474 ingressus
774 2411 852 2456 sit:
898 2422 1016 2456 recte
1048 2413 1228 2457 forsitan
1262 2412 1415 2457 dixerit
1447 2413 1599 2475 aliquis
1632 2413 1761 2458 istum
1792 2414 2063 2477 negligenter
2092 2412 2322 2460 tradidisse

244 2485 446 2548 nihilque
477 2485 595 2528 hanc
623 2486 1051 2546 praetermissionem
1084 2485 1323 2530 curandam
1357 2505 1473 2532 esse:
1523 2497 1566 2530 at
1598 2487 1892 2531 verisimiliora
1926 2487 2001 2550 qui
2033 2496 2320 2544 consectatur,

245 2559 280 2605 is
318 2570 368 2605 ut
406 2559 569 2621 opinor
611 2575 785 2604 causam
825 2560 1109 2621 profectionis
1156 2560 1347 2605 censebit
1385 2578 1483 2607 eam
1527 2560 1681 2615 fuisse,
1739 2579 1871 2623 quam
1913 2571 2093 2625 praeter
2127 2557 2319 2607 Ennium

247 2650 317 2694 ap.
350 2632 465 2679 Gell.
495 2637 624 2686 XIX,
663 2643 736 2678 10.
774 2650 818 2693 ρ.
852 2644 939 2680 217
974 2634 1046 2679 ed.
1076 2637 1201 2678 Hess.
1251 2645 1291 2678 et
1322 2634 1530 2680 Plautum
1562 2637 1699 2679 Merc.
1728 2639 1808 2689 111,
1842 2647 1889 2689 4,
1932 2647 1955 2682 1
2006 2646 2050 2680 et
2087 2633 2316 2681 Horatium

246 2709 334 2753 Sat.
363 2710 426 2761 H,
460 2716 505 2759 ’7,
540 2715 615 2752 28.
660 2705 801 2767 Epist.
831 2709 871 2760 Ι,
905 2715 952 2760 8,
989 2717 1060 2754 12.
1121 2707 1347 2753 Lucretius
1384 2711 1469 2762 111,
1505 2717 1623 2755 1⁰73
1658 2708 1718 2755 ita
1755 2707 1962 2771 attingat:
2021 2707 2158 2754 »Exit
2188 2709 2318 2772 saepe

245 2777 367 2837 foras
394 2779 564 2842 magnis
597 2798 647 2825 ex
679 2778 863 2825 aedibus
894 2779 984 2834 ille,
1017 2798 1113 2828 esse
1144 2779 1264 2826 domi
1297 2799 1430 2844 quem
1459 2791 1706 2845 pertaesum
1740 2793 1823 2837 est,
1855 2782 2104 2844 subitoque—
2121 2782 2317 2829 revertit:
