2601 3308
1264 129 1326 174 15

276 263 279 266 ’
331 259 368 296 4.
430 259 503 297 Sus
529 269 574 296 ue
612 259 731 307 deque
768 268 852 303 esee
886 260 1047 307 praeter
1077 254 1277 296 Lucilium
1310 259 1443 297 Varro
1475 257 1574 297 dixit
1603 257 1645 297 in
1678 257 1866 306 Sisenna,
1904 271 2026 311 quem
2063 258 2202 298 locum
2238 256 2329 312 ipio

257 311 412 356 Gellius
458 272 603 355 affert:
667 311 857 352 Laberius
900 313 942 353 in
982 312 1279 366 Compitalibus
1324 329 1388 366 ap.
1428 317 1603 356 eundem
1648 334 1783 369 susque
1830 320 1949 369 deque
1983 318 2112 366 ferre,
2163 316 2331 357 Plautum

254 371 457 428 Amphitr.
490 371 570 418 111,
604 371 645 417 2,
677 373 702 409 5
732 386 868 424 susque
899 375 1018 422 deque
1051 374 1208 418 habere,
1248 368 1393 410 Cicero
1428 373 1600 426 denique
1634 375 1685 413 ad
1718 376 1799 413 Att.
1826 375 1942 422 xlv,
1968 378 1993 414 6
2025 390 2161 427 susque
2192 378 2327 427 deque,

253 431 405 469 omisso
435 428 592 466 ferendi
625 428 687 466 vel
720 428 895 467 habendi
928 428 1066 466 verbo.
1131 429 1169 466 A
1194 427 1307 465 nullo
1334 435 1469 466 autem
1502 439 1540 467 et
1562 431 1756 487 particula
1782 431 2063 482 interponitur,
2102 440 2146 470 ut
2170 433 2325 470 factum

251 487 436 526 videmus
467 483 509 523 in
536 484 675 524 Lucilii
708 500 824 526 versu
856 483 1008 523 altero:
1061 496 1188 536 eaque
1220 483 1372 536 origine
1405 484 1639 539 rationeque
1672 486 1789 535 hujus
1820 486 2030 526 locutionis
2061 488 2163 528 adeo
2194 488 2323 530 aliem

253 544 431 589 videtur,
469 548 513 580 ut
537 543 649 582 facile
676 543 911 581 inclinemus
937 541 990 579 ad
1016 554 1105 580 eam
1131 540 1368 588 tollendam,
1406 545 1640 596 praesertim
1675 558 1799 597 quum
1825 544 1891 581 vix
1915 544 2043 581 ullum
2068 546 2322 585 librariorum

250 600 448 640 mendum
474 600 723 653 frequentius
750 599 799 637 sit
825 613 946 650 quam
973 598 1078 637 hanc
1103 601 1165 636 vel
1193 598 1363 646 adjicere
1389 601 1452 638 vel
1478 602 1790 652 praetermittere
1816 602 2065 653 particulam.
2112 601 2203 652 Qua
2225 612 2321 652 ergo

251 657 397 704 deleta,
437 659 731 700 excusationem
762 656 981 706 productae
1019 672 1090 707 que
1122 656 1315 708 syllabae,
1355 658 1536 708 quamvis
1569 658 1610 696 in
1641 658 1740 696 thesi
1773 660 1945 710 positae,
1984 658 2190 710 quaerenti
2222 656 2323 697 mihi

250 714 423 756 occurrit
447 714 661 766 Virgilius:
713 712 754 752 in
786 714 894 762 cujus
925 712 1122 766 poematis
1156 728 1282 767 quum
1313 721 1457 753 notum
1490 714 1540 754 sit
1566 715 1719 768 saepius
1746 733 1815 767 que
1845 716 2010 768 longum
2037 731 2144 764 esse,
2180 713 2323 755 adver·

246 772 418 813 tendum
442 778 503 809 est
526 771 581 808 sic
606 770 844 823 plerumque
871 771 912 808 id
938 772 1042 818 fieri,
1076 779 1121 809 ut
1145 771 1245 809 haec
1269 772 1460 824 particula
1488 772 1528 810 in
1555 773 1700 811 eodem
1727 788 1842 812 versu
1870 781 2139 827 consequatur
2166 773 2228 810 bis
2253 771 2321 812 vel

246 838 311 870 ter
345 836 550 879 correpta,
593 828 701 866 velut
734 829 882 879 Georg.
911 830 947 874 1,
985 834 1082 868 279:
1136 828 1374 879 Coeumque'
1400 831 1663 881 Japetumque
1702 839 1810 870 creat
1847 832 2074 880 salvumque
2106 829 2317 882 Typhoea.

245 887 349 929 Aen.
374 885 455 932 ΙΙΙ,
491 888 564 923 91:
616 883 847 936 Liminaque'
873 885 1078 936 laurusque
1111 884 1174 923 dei
1206 892 1385 937 totusque
1415 888 1583 925 moveri.
1634 888 1729 933 ΧΠ,
1762 889 1862 925 363:
1917 885 2169 936 Chloreaque'
2192 885 2318 938 Syba-

245 945 397 994 rimque
421 942 642 993 Daretaque
668 942 1060 993 Thersilochumque.
1113 945 1216 980 Item
1243 943 1283 980 in
1303 944 1465 995 reliquis
1485 945 1581 982 locis
1609 952 1648 982 et
1668 945 1821 994 Virgilii
1843 952 1882 981 et
1904 944 2072 982 aliorum
2094 951 2318 994 poetarum,

244 1014 349 1055 quos
375 999 532 1052 collegit
557 998 789 1039 Schneider.
818 999 890 1039 Gr.
918 1000 1002 1038 Lat.
1030 1002 1061 1038 I.
1086 1014 1126 1052 p.
1154 1002 1239 1039 752.
1266 1003 1352 1039 691.
1405 1001 1486 1051 Qui
1513 1001 1678 1053 quidem
1704 1014 1911 1053 nunquam
1937 1000 2176 1040 concesserit
2201 998 2320 1038 encli-

242 1059 367 1099 ticam
391 1056 496 1096 hanc
520 1056 690 1109 produci
716 1068 834 1108 posse
860 1057 902 1095 in
926 1057 1036 1096 thesi.
1088 1060 1142 1096 At
1168 1056 1301 1096 nescio
1328 1072 1398 1096 cur
1422 1064 1505 1096 tam
1528 1058 1616 1096 duri
1636 1058 1804 1097 velimus
1830 1073 1939 1106 esse,
1961 1067 2005 1097 ut
2029 1065 2174 1110 poetae
2196 1068 2318 1110 quem

244 1115 392 1156 durum
425 1128 672 1167 componere
698 1128 835 1153 versus
867 1114 988 1154 fuisse
1020 1114 1206 1161 sciamus,
1245 1114 1438 1168 quidquid
1465 1115 1616 1168 legibus
1644 1115 1893 1167 optimorum
1918 1124 1958 1155 et
1983 1115 2319 1169 politissimorum

245 1172 469 1214 carminum
495 1179 691 1226 repugnat
716 1172 913 1224 imputare
939 1187 1179 1212 recusemus.
1232 1172 1375 1225 Neque
1403 1172 1615 1225 Virgilium
1642 1174 1764 1212 credo
1790 1175 1867 1212 arsi
1893 1173 1969 1213 hac
1995 1175 2034 1213 in
2063 1174 2204 1213 vocula
2229 1179 2319 1212 tan·

240 1238 327 1271 tam
351 1230 434 1268 vim
460 1230 703 1267 tributurum
728 1230 863 1276 fuisse,
890 1230 963 1268 nisi
985 1231 1020 1268 ei
1039 1229 1297 1282 praeivissent
1316 1230 1537 1281 superiores
1557 1237 1700 1281 poetae
1727 1231 1792 1276 (cf.
1810 1232 1922 1269 Serv.
1938 1232 1977 1269 in
2000 1235 2098 1270 Aen.
2115 1233 2196 1278 ΙΙΙ,
2221 1232 2318 1278 902·

299 1288 386 1327 ibus
418 1293 553 1325 tamen
580 1299 681 1338 quae
712 1286 827 1324 rudia
852 1293 983 1325 essent
1008 1294 1048 1325 et
1072 1286 1204 1324 minus
1230 1286 1406 1337 perfecta
1433 1286 1546 1323 illum
1577 1286 1773 1325 limatiore
1800 1302 1872 1326 suo
1898 1289 2043 1336 judicio
2071 1295 2247 1326 mutasse
2273 1289 2315 1324 et

239 1343 502 1387 severioribus
527 1343 683 1395 legibus
707 1343 928 1381 astrinxisse
955 1343 1263 1381 existimandum
1289 1349 1360 1380 est.
1410 1342 1541 1380 Aliam
1568 1343 1807 1381 emendandi
1833 1346 1938 1383 viam
1965 1346 2163 1396 ingressus
2184 1345 2314 1382 Janua

240 1403 382 1444 Dousa
414 1400 456 1439 in
487 1409 527 1439 et
558 1399 771 1453 particulae
804 1399 942 1438 locum
973 1399 1153 1439 substitui
1193 1402 1285 1437 haec
1315 1398 1459 1446 voluit,
1498 1398 1608 1451 quod
1643 1398 1694 1436 ita
1729 1399 1863 1439 forsan
1895 1401 2021 1453 magis
2058 1401 2232 1453 placeat,
2267 1402 2316 1438 ut

238 1458 516 1501 reducendum
542 1459 583 1495 id
611 1472 696 1496 esse
724 1472 772 1495 ex
797 1458 932 1508 priore
950 1472 1066 1495 versu
1087 1457 1280 1502 dicamus,
1306 1457 1347 1494 in
1373 1471 1454 1508 quo
1482 1457 1596 1494 facile
1617 1455 1832 1494 desiderari
1860 1459 1997 1509 possit.
2044 1459 2106 1496 Ex
2127 1456 2314 1495 vetustio-

238 1518 350 1559 ribus
376 1514 616 1555 editionibus
644 1515 726 1563 ejus
751 1514 843 1553 loco
868 1517 927 1553 hic
952 1514 1231 1566 consignatum
1258 1521 1332 1560 est,
1364 1527 1409 1551 ac
1436 1512 1579 1551 deinde
1606 1516 1687 1558 ubi,
1713 1513 1783 1550 sed
1811 1521 2025 1567 utrumque
2052 1522 2096 1552 ut
2120 1513 2315 1552 arbritror

239 1590 265 1616 a
289 1587 413 1614 manu
437 1573 713 1624 interpolante.
786 1572 929 1622 Neque
943 1574 1067 1621 fines,
1113 1571 1457 1623 quemadmodum
1484 1571 1523 1607 in
1550 1570 1668 1607 tertio
1696 1583 1810 1607 versu
1835 1573 1875 1607 J.
1902 1573 2040 1608 Dousa
2068 1579 2108 1608 et
2136 1570 2311 1608 Oiseliun

239 1636 514 1678 correxerunt,
553 1628 727 1682 accipio:
780 1627 920 1667 similia
955 1628 1063 1667 enim
1095 1628 1194 1667 haec
1228 1635 1321 1667 sunt
1359 1626 1465 1679 apud
1498 1626 1677 1664 Livium:
1729 1629 1781 1664 ad
1801 1628 1920 1677 finem
1955 1629 2218 1674 Tusculanum,
2255 1627 2311 1666 ad

230 1694 352 1744 finem
379 1691 619 1735 Campanum,
646 1690 700 1723 ad
712 1688 832 1735 finem
859 1688 1073 1732 Lucrinum,
1091 1689 1208 1735 fincni
1235 1689 1421 1722 Pisanum.
1461 1698 1497 1721 ν.
1514 1684 1639 1721 Gron.
1666 1684 1707 1720 in
1733 1685 1901 1729 XXXV,
1925 1689 1993 1729 27,
2018 1690 2054 1723 9.
2106 1687 2143 1722 Is
2170 1691 2306 1723 autem

237 1749 290 1790 ab
310 1743 610 1800 ¹antiquioribus
644 1750 684 1782 et
714 1742 866 1781 solutae
900 1749 939 1780 et
969 1742 1109 1795 ligatae
1143 1741 1333 1781 orati0nis
1360 1740 1618 1792 scriptoribus
1646 1753 1729 1778 non
1755 1753 1817 1778 res
1842 1739 1968 1779 modo
1996 1754 2097 1793 quae
2122 1740 2306 1794 exposuit

239 1820 383 1848 verum
409 1804 494 1856 ipsa
520 1801 645 1840 verba
672 1814 741 1838 sua
768 1801 948 1851 sumpsit.
989 1801 1039 1838 cs.
1066 1799 1258 1838 Doederl.
1285 1799 1437 1850 Synon.
1464 1799 1537 1835 ΙΙΙ.
1564 1811 1602 1848 p.
1633 1802 1714 1835 161.

361 1860 493 1901 Multo
531 1858 621 1911 plus
660 1856 783 1895 habet
822 1856 1063 1894 difficultatis
1094 1863 1263 1908 propter
1294 1855 1421 1892 unum
1454 1854 1693 1892 vocabulum
1727 1855 1929 1894 Graecum
1961 1871 2098 1895 versus
2133 1860 2306 1909 quartus.

238 1919 363 1961 varie
387 1917 430 1956 id
464 1917 656 1967 scriptum
682 1921 757 1961 est,
792 1913 855 1952 hls
882 1920 1069 1965 quattuor
1093 1914 1247 1951 modis:
1300 1911 1489 1955 aiu-damn,
1541 1921 1720 1957 αιπιλιτοι,
1772 1923 1953 1960 ᾶιΓιὸιΒοι,
2005 1929 2168 1954 ananau-u.
2244 1913 2307 1953 Ex

240 1978 393 2019 horum
419 1987 500 2012 uno
528 1973 702 2012 alterove
729 1977 869 2009 natum
896 1970 1006 2021 quod
1032 1970 1072 2006 in
1097 1967 1262 2007 vetustis
1290 1967 1529 2005 editionibus
1567 1970 1690 2015 (teste
1717 1969 1862 2017 Lione,
1901 1986 1996 2009 narn
2014 1961 2208 2011 {nihimet
2232 1968 2308 2023 ipsi

239 2048 366 2077 unam
391 2029 593 2071 Venetam
619 2042 741 2080 quam
769 2027 969 2066 Feretrius
996 2026 1145 2064 curavit
1170 2024 1402 2076 inspiciendi
1421 2032 1595 2077 potestas
1614 2026 1712 2074 fuit)
1739 2027 1940 2079 vulgatum
1969 2038 2028 2068 est
2054 2030 2131 2068 hoc
2156 2028 2306 2067 modos

237 2096 291 2132 επὶ
316 2095 352 2127 τὸ
377 2091 482 2126 λοιπὴ
514 2097 554 2125 ιιι
581 2089 696 2135 ajunt.
761 2086 812 2122 H.
840 2083 1065 2134 Stephanus
1092 2082 1201 2119 dedit
1233 2083 1413 2126 αἱγίλοποι,
1454 2083 1667 2133 „ongolius
1699 2085 1891 2128 αἱγιλοικ-οι,
1930 2100 2157 2137 quanquam
2182 2086 2303 2134 longe

237 2155 413 2205 praestat
437 2144 546 2199 quod
572 2143 650 2183 Th.
679 2141 875 2181 canterus
897 2141 991 2179 Var.
1013 2140 1137 2178 Lectt.
1165 2139 1224 2186 ΙΙ,
1250 2142 1275 2179 8
1301 2140 1523 2188 conjecerat
1549 2140 1717 2183 αἰγίλιποι.
1776 2140 1930 2191 „Quod
1956 2142 2005 2180 ad
2032 2140 2301 2194 probandum,

236 2207 383 2262 inquit,
415 2204 479 2243 vel
505 2215 606 2241 unus
633 2201 835 2239 Homerus
863 2197 1044 2238 sufficere
1070 2196 1242 2243 videtur,
1275 2198 1343 2249 qui
1369 2197 1504 2235 multis
1531 2197 1570 2234 in
1597 2197 1691 2235 locis
1718 2198 1773 2235 sic
1799 2199 1913 2237 dicit:
1963 2199 2014 2238 ὅτι
2041 2200 2113 2234 ur·
2138 2199 2302 2242 αἰγίλιπος

237 2268 348 2314 ,na-g„
372 2262 442 2310 (ll.
469 2278 499 2305 a,
527 2265 586 2299 15.
614 2276 659 2304 x,
685 2261 753 2305 4),
793 2271 917 2310 quum
944 2254 1119 2306 loquitur
1145 2253 1195 2291 de
1221 2255 1387 2305 scopulo
1414 2256 1546 2307 aliquo
1573 2263 1784 2307 praerupto
1811 2263 1850 2294 et
1875 2271 1973 2307 rupe
1999 2258 2100 2295 adeo
2127 2257 2224 2303 alta,
2257 2261 2304 2295 ut

236 2336 335 2379 prae
366 2317 570 2359 altitudine
603 2331 625 2356 a
652 2315 777 2368 capris
809 2314 1093 2366 relinquatur.“
1143 2310 1251 2349 Haec
1285 2311 1510 2351 etiamnunc
1542 2312 1709 2366 vulgaris
1741 2313 1790 2352 de
1822 2312 1931 2352 vocis
1963 2314 2116 2367 odgine
2149 2312 2303 2366 opiniO,

237 2385 398 2433 recepta
429 2389 452 2414 a
478 2374 725 2413 Schneidero
758 2380 799 2411 et
825 2369 1051 2413 Passowio,
1090 2369 1160 2404 etsi
1193 2381 1214 2404 a
1242 2368 1432 2406 Riemero
1466 2371 1644 2420 explosa,
1683 2372 1857 2409 manavit
1889 2373 1939 2409 ab
1974 2374 2139 2424 antiquo
2175 2372 2296 2410 sonte.

238 2440 313 2480 Est
346 2435 453 2476 enim
484 2430 688 2484 proposita
720 2444 814 2468 cum
841 2428 992 2468 duabus
1019 2424 1101 2463 aliis
1126 2423 1254 2463 multo
1288 2425 1547 2477 ineptioribus
1581 2427 1622 2467 in
1649 2427 1781 2467 schol.
1809 2430 1953 2469 Venet.
1981 2431 2032 2469 ad
2058 2447 2101 2475 r,
2127 2435 2150 2469 4
2184 2436 2222 2468 et
2246 2428 2296 2468 ab

235 2491 447 2539 Eustathio
473 2489 523 2530 ad
548 2496 592 2535 β,
625 2490 699 2527 633
733 2494 773 2525 et
804 2504 833 2532 c,
874 2489 931 2525 15.
995 2484 1287 2522 Verumtamen
1320 2483 1433 2522 aliter
1464 2484 1604 2523 sentio.
1670 2485 1776 2525 Nam
1803 2493 1848 2525 ut
1874 2487 2091 2526 concedam
2116 2487 2294 2537 priorem

237 2549 451 2607 compositi
483 2545 663 2587 vocabuli
694 2551 851 2596 partem
883 2543 933 2581 ab
968 2555 1017 2581 eo
1044 2541 1267 2580 ducendam
1294 2556 1379 2581 esse
1406 2542 1515 2595 quod
1542 2550 1600 2581 est
1626 2544 1698 2588 σι’ίξ,
1738 2544 1858 2583 altera
1886 2553 1990 2583 certe
2016 2558 2096 2581 non
2122 2543 2173 2581 ad
2198 2544 2297 2580 >alara

236 2612 310 2653 ‚ed
335 2611 387 2650 ad
411 2608 516 2645 λίπα
540 2604 616 2654 (de
638 2615 718 2655 quo
737 2616 774 2639 v.
790 2600 956 2638 Dorvill.
979 2599 1020 2637 in
1041 2598 1188 2637 Charit.
1209 2613 1248 2650 p.
1267 2602 1365 2648 174)
1392 2607 1599 2637 revocetur
1624 2615 1784 2639 necesse
1818 2610 1893 2647 est,
1918 2608 1959 2636 ut
1985 2600 2054 2637 toti
2081 2599 2181 2637 haec
2206 2615 2297 2638 sen-

235 2669 359 2709 tentia
381 2666 555 2715 subjecta
575 2662 644 2701 sit:
671 2674 863 2711 caprarum
884 2672 1024 2696 amans.
1065 2656 1140 2695 Cui
1160 2671 1243 2695 non
1263 2665 1322 2695 est
1340 2658 1516 2696 absimile
1537 2659 1639 2708 virga
1658 2659 1792 2703 γυπιιίς,
1818 2672 1877 2709 ap.
1891 2656 2034 2694 Aesch.
2051 2657 2191 2709 Suppl.
2206 2662 2297 2705 79⁵.

237 2726 330 2767 licet
360 2723 499 2771 ,αγιλιψ
528 2735 604 2776 per
632 2717 818 2768 μετάληψιν
853 2716 1063 2757 notionem
1098 2722 1338 2769 praeruptae
1375 2716 1590 2756 altitudinis
1627 2715 1829 2768 acceperit.
1892 2714 2199 2756 Attendendum
2237 2725 2297 2758 est
