<?xml version="1.0" encoding="UTF-8"?>
<!DOCTYPE html PUBLIC "-//W3C//DTD XHTML 1.0 Transitional//EN"
    "http://www.w3.org/TR/xhtml1/DTD/xhtml1-transitional.dtd">
<html xmlns="http://www.w3.org/1999/xhtml" xml:lang="en" lang="en">
 <head>
  <title>
</title>
<meta http-equiv="Content-Type" content="text/html;charset=utf-8" />
  <meta name='ocr-system' content='tesseract 3.04.00' />
  <meta name='ocr-capabilities' content='ocr_page ocr_carea ocr_par ocr_line ocrx_word'/>
</head>
<body>
  <div class='ocr_page' id='page_1' title='image "./4769551_0025.png"; bbox 0 0 2601 3308; ppageno 0'>
   <div class='ocr_carea' id='block_1_1' title="bbox 0 0 2601 172">
    <p class='ocr_par' dir='ltr' id='par_1_1' title="bbox 0 0 2601 172">
     <span class='ocr_line' id='line_1_1' title="bbox 0 0 2601 172; baseline 0 3136"><span class='ocrx_word' id='word_1_1' title='bbox 0 0 2601 172; x_wconf 95' lang='lat' dir='ltr'> </span> 
     </span>
    </p>
   </div>
   <div class='ocr_carea' id='block_1_2' title="bbox 1257 262 1320 311">
    <p class='ocr_par' dir='ltr' id='par_1_2' title="bbox 1257 262 1320 311">
     <span class='ocr_line' id='line_1_2' title="bbox 1257 262 1320 311; baseline 0.016 -1"><span class='ocrx_word' id='word_1_2' title='bbox 1257 262 1320 311; x_wconf 75' lang='lat'>1⁶</span> 
     </span>
    </p>
   </div>
   <div class='ocr_carea' id='block_1_3' title="bbox 1178 324 1394 337">
    <p class='ocr_par' dir='ltr' id='par_1_3' title="bbox 1178 324 1394 337">
     <span class='ocr_line' id='line_1_3' title="bbox 1178 324 1394 337; baseline 0 2971"><span class='ocrx_word' id='word_1_3' title='bbox 1178 324 1394 337; x_wconf 95' lang='lat' dir='ltr'> </span> 
     </span>
    </p>
   </div>
   <div class='ocr_carea' id='block_1_4' title="bbox 245 382 2348 1818">
    <p class='ocr_par' dir='ltr' id='par_1_4' title="bbox 245 382 2333 781">
     <span class='ocr_line' id='line_1_4' title="bbox 251 382 2327 447; baseline -0.001 -15"><span class='ocrx_word' id='word_1_4' title='bbox 251 393 373 443; x_wconf 53' lang='lat' dir='ltr'>fian</span> <span class='ocrx_word' id='word_1_5' title='bbox 402 388 505 447; x_wconf 82' lang='lat' dir='ltr'>quid</span> <span class='ocrx_word' id='word_1_6' title='bbox 531 390 663 445; x_wconf 79' lang='lat' dir='ltr'>exigat</span> <span class='ocrx_word' id='word_1_7' title='bbox 694 388 968 443; x_wconf 75' lang='lat' dir='ltr'>componendi</span> <span class='ocrx_word' id='word_1_8' title='bbox 1000 387 1127 429; x_wconf 77' lang='lat' dir='ltr'>ratio:</span> <span class='ocrx_word' id='word_1_9' title='bbox 1177 387 1328 427; x_wconf 81' lang='lat' dir='ltr'>etenim</span> <span class='ocrx_word' id='word_1_10' title='bbox 1353 399 1458 441; x_wconf 80' lang='lat' dir='ltr'>quae</span> <span class='ocrx_word' id='word_1_11' title='bbox 1488 385 1660 440; x_wconf 70' lang='lat' dir='ltr'>figurata</span> <span class='ocrx_word' id='word_1_12' title='bbox 1684 382 1899 444; x_wconf 56' lang='lat' dir='ltr'>tuntp&#39;ari</span> <span class='ocrx_word' id='word_1_13' title='bbox 1922 386 2070 438; x_wconf 75' lang='lat' dir='ltr'>modo,</span> <span class='ocrx_word' id='word_1_14' title='bbox 2095 383 2148 430; x_wconf 71' lang='lat' dir='ltr'>ut</span> <span class='ocrx_word' id='word_1_15' title='bbox 2168 388 2327 443; x_wconf 57' lang='lat' dir='ltr'>aad-ug,</span> 
     </span>
     <span class='ocr_line' id='line_1_5' title="bbox 251 444 2329 505; baseline 0 -16"><span class='ocrx_word' id='word_1_16' title='bbox 251 452 381 505; x_wconf 52' lang='grc' dir='ltr'>Μ,</span> <span class='ocrx_word' id='word_1_17' title='bbox 403 462 551 489; x_wconf 83' lang='lat' dir='ltr'>eorum</span> <span class='ocrx_word' id='word_1_18' title='bbox 575 449 618 489; x_wconf 84' lang='lat' dir='ltr'>in</span> <span class='ocrx_word' id='word_1_19' title='bbox 642 454 754 501; x_wconf 89' lang='lat' dir='ltr'>parte</span> <span class='ocrx_word' id='word_1_20' title='bbox 781 447 930 486; x_wconf 85' lang='lat' dir='ltr'>verbali</span> <span class='ocrx_word' id='word_1_21' title='bbox 957 447 1015 486; x_wconf 77' lang='lat' dir='ltr'>vis</span> <span class='ocrx_word' id='word_1_22' title='bbox 1038 446 1143 487; x_wconf 89' lang='lat' dir='ltr'>inest</span> <span class='ocrx_word' id='word_1_23' title='bbox 1162 446 1305 494; x_wconf 89' lang='lat' dir='ltr'>activa,</span> <span class='ocrx_word' id='word_1_24' title='bbox 1328 458 1414 485; x_wconf 87' lang='lat' dir='ltr'>non</span> <span class='ocrx_word' id='word_1_25' title='bbox 1431 446 1598 500; x_wconf 83' lang='lat' dir='ltr'>passiva.</span> <span class='ocrx_word' id='word_1_26' title='bbox 1641 459 1678 486; x_wconf 69' lang='grc' dir='ltr'>ν.</span> <span class='ocrx_word' id='word_1_27' title='bbox 1698 446 1885 502; x_wconf 69' lang='lat' dir='ltr'>Meiring.</span> <span class='ocrx_word' id='word_1_28' title='bbox 1912 447 1964 488; x_wconf 87' lang='lat' dir='ltr'>de</span> <span class='ocrx_word' id='word_1_29' title='bbox 1982 445 2114 487; x_wconf 71' lang='lat' dir='ltr'>verbi·</span> <span class='ocrx_word' id='word_1_30' title='bbox 2130 444 2329 501; x_wconf 64' lang='lat' dir='ltr'>copuleti-</span> 
     </span>
     <span class='ocr_line' id='line_1_6' title="bbox 249 504 2333 564; baseline -0.001 -17"><span class='ocrx_word' id='word_1_31' title='bbox 249 508 353 564; x_wconf 62' lang='lat' dir='ltr'>apud</span> <span class='ocrx_word' id='word_1_32' title='bbox 374 507 603 547; x_wconf 81' lang='lat' dir='ltr'><strong>Homerum</strong></span> <span class='ocrx_word' id='word_1_33' title='bbox 628 513 669 544; x_wconf 89' lang='lat' dir='ltr'>et</span> <span class='ocrx_word' id='word_1_34' title='bbox 689 505 914 545; x_wconf 77' lang='lat' dir='ltr'>Hesiodum</span> <span class='ocrx_word' id='word_1_35' title='bbox 939 520 979 557; x_wconf 90' lang='lat' dir='ltr'>p.</span> <span class='ocrx_word' id='word_1_36' title='bbox 994 509 1058 544; x_wconf 80' lang='lat'>26.</span> <span class='ocrx_word' id='word_1_37' title='bbox 1111 504 1327 543; x_wconf 80' lang='lat' dir='ltr'>Intercedit</span> <span class='ocrx_word' id='word_1_38' title='bbox 1350 512 1488 543; x_wconf 82' lang='lat' dir='ltr'>tamen</span> <span class='ocrx_word' id='word_1_39' title='bbox 1514 505 1729 556; x_wconf 86' lang='lat' dir='ltr'>quominus</span> <span class='ocrx_word' id='word_1_40' title='bbox 1755 504 1796 543; x_wconf 83' lang='lat' dir='ltr'>in</span> <span class='ocrx_word' id='word_1_41' title='bbox 1822 505 1900 543; x_wconf 79' lang='lat' dir='ltr'>hac</span> <span class='ocrx_word' id='word_1_42' title='bbox 1925 504 2168 558; x_wconf 72' lang='lat' dir='ltr'>etymologia</span> <span class='ocrx_word' id='word_1_43' title='bbox 2193 505 2333 558; x_wconf 64' lang='lat' dir='ltr'>nequi-</span> 
     </span>
     <span class='ocr_line' id='line_1_7' title="bbox 249 557 2332 621; baseline -0.001 -16"><span class='ocrx_word' id='word_1_44' title='bbox 249 577 427 609; x_wconf 75' lang='lat' dir='ltr'>escamus</span> <span class='ocrx_word' id='word_1_45' title='bbox 449 561 692 618; x_wconf 74' lang='lat' dir='ltr'>Hesychius,</span> <span class='ocrx_word' id='word_1_46' title='bbox 716 562 787 616; x_wconf 90' lang='lat' dir='ltr'>qui</span> <span class='ocrx_word' id='word_1_47' title='bbox 813 562 930 602; x_wconf 89' lang='lat' dir='ltr'>dicit:</span> <span class='ocrx_word' id='word_1_48' title='bbox 969 562 1062 621; x_wconf 55' lang='lat' dir='ltr'>Aiju,</span> <span class='ocrx_word' id='word_1_49' title='bbox 1087 564 1191 612; x_wconf 57' lang='grc' dir='ltr'>πέτραι</span> <span class='ocrx_word' id='word_1_50' title='bbox 1217 562 1275 610; x_wconf 67' lang='grc' dir='ltr'>ἐφ’</span> <span class='ocrx_word' id='word_1_51' title='bbox 1299 557 1332 603; x_wconf 69' lang='grc' dir='ltr'>εἷς</span> <span class='ocrx_word' id='word_1_52' title='bbox 1356 560 1436 612; x_wconf 64' lang='grc' dir='ltr'>ἕδος</span> <span class='ocrx_word' id='word_1_53' title='bbox 1460 560 1584 611; x_wconf 66' lang='grc' dir='ltr'>στάζει.</span> <span class='ocrx_word' id='word_1_54' title='bbox 1636 560 1760 613; x_wconf 85' lang='lat' dir='ltr'>Quod</span> <span class='ocrx_word' id='word_1_55' title='bbox 1785 567 1878 615; x_wconf 84' lang='lat' dir='ltr'>apte</span> <span class='ocrx_word' id='word_1_56' title='bbox 1904 560 2075 614; x_wconf 77' lang='lat' dir='ltr'><strong>quadrat</strong></span> <span class='ocrx_word' id='word_1_57' title='bbox 2097 561 2141 602; x_wconf 89' lang='lat' dir='ltr'>in</span> <span class='ocrx_word' id='word_1_58' title='bbox 2164 574 2332 608; x_wconf 74' lang='lat' dir='ltr'>versum</span> 
     </span>
     <span class='ocr_line' id='line_1_8' title="bbox 247 618 2330 672; baseline -0.001 -9"><span class='ocrx_word' id='word_1_59' title='bbox 247 623 419 665; x_wconf 76' lang='lat' dir='ltr'>Homeri</span> <span class='ocrx_word' id='word_1_60' title='bbox 445 622 491 661; x_wconf 86' lang='lat' dir='ltr'>ll.</span> <span class='ocrx_word' id='word_1_61' title='bbox 516 637 547 666; x_wconf 75' lang='grc' dir='ltr'>ι,</span> <span class='ocrx_word' id='word_1_62' title='bbox 578 625 628 660; x_wconf 78' lang='lat'>15</span> <span class='ocrx_word' id='word_1_63' title='bbox 661 628 702 659; x_wconf 78' lang='lat' dir='ltr'>et</span> <span class='ocrx_word' id='word_1_64' title='bbox 725 637 776 666; x_wconf 68' lang='grc' dir='ltr'>π,</span> <span class='ocrx_word' id='word_1_65' title='bbox 805 625 853 659; x_wconf 73' lang='lat'>4:</span> <span class='ocrx_word' id='word_1_66' title='bbox 905 620 958 660; x_wconf 61' lang='grc' dir='ltr'>ἔτι</span> <span class='ocrx_word' id='word_1_67' title='bbox 985 621 1060 656; x_wconf 67' lang='grc' dir='ltr'>κατ’</span> <span class='ocrx_word' id='word_1_68' title='bbox 1085 621 1248 663; x_wconf 67' lang='grc' dir='ltr'>αἰγίλιπος</span> <span class='ocrx_word' id='word_1_69' title='bbox 1273 621 1384 669; x_wconf 61' lang='grc' dir='ltr'><strong><em>τέτμε</em></strong></span> <span class='ocrx_word' id='word_1_70' title='bbox 1408 620 1543 669; x_wconf 65' lang='grc' dir='ltr'>ἳιοφιςόν</span> <span class='ocrx_word' id='word_1_71' title='bbox 1568 620 1633 663; x_wconf 75' lang='grc' dir='ltr'>κιίι</span> <span class='ocrx_word' id='word_1_72' title='bbox 1656 618 1745 669; x_wconf 50' lang='lat' dir='ltr'>ang.</span> <span class='ocrx_word' id='word_1_73' title='bbox 1809 620 1924 657; x_wconf 78' lang='lat' dir='ltr'>Hanc</span> <span class='ocrx_word' id='word_1_74' title='bbox 1957 619 2011 657; x_wconf 84' lang='lat' dir='ltr'>ob</span> <span class='ocrx_word' id='word_1_75' title='bbox 2042 633 2133 658; x_wconf 83' lang='lat' dir='ltr'>rem</span> <span class='ocrx_word' id='word_1_76' title='bbox 2163 619 2330 672; x_wconf 63' lang='lat' dir='ltr'>stirpen</span> 
     </span>
     <span class='ocr_line' id='line_1_9' title="bbox 245 674 2331 736; baseline -0.001 -15"><span class='ocrx_word' id='word_1_77' title='bbox 245 678 485 736; x_wconf 88' lang='lat' dir='ltr'>posterioris</span> <span class='ocrx_word' id='word_1_78' title='bbox 508 677 634 731; x_wconf 89' lang='lat' dir='ltr'>partis</span> <span class='ocrx_word' id='word_1_79' title='bbox 659 677 932 731; x_wconf 80' lang='lat' dir='ltr'>quaerendam</span> <span class='ocrx_word' id='word_1_80' title='bbox 959 677 1000 716; x_wconf 93' lang='lat' dir='ltr'>in</span> <span class='ocrx_word' id='word_1_81' title='bbox 1027 677 1073 716; x_wconf 89' lang='lat' dir='ltr'>iis</span> <span class='ocrx_word' id='word_1_82' title='bbox 1101 691 1202 729; x_wconf 91' lang='lat' dir='ltr'>quae</span> <span class='ocrx_word' id='word_1_83' title='bbox 1229 684 1329 716; x_wconf 80' lang='lat' dir='ltr'>sunt·</span> <span class='ocrx_word' id='word_1_84' title='bbox 1347 678 1475 723; x_wconf 68' lang='grc' dir='ltr'><strong><em>λίπος,</em></strong></span> <span class='ocrx_word' id='word_1_85' title='bbox 1506 677 1629 724; x_wconf 59' lang='lat' dir='ltr'>Alces-os,</span> <span class='ocrx_word' id='word_1_86' title='bbox 1660 674 1775 718; x_wconf 70' lang='grc' dir='ltr'><strong><em>λισσές</em></strong></span> <span class='ocrx_word' id='word_1_87' title='bbox 1807 683 1848 716; x_wconf 91' lang='lat' dir='ltr'>et</span> <span class='ocrx_word' id='word_1_88' title='bbox 1869 674 2051 730; x_wconf 81' lang='lat' dir='ltr'>priorem</span> <span class='ocrx_word' id='word_1_89' title='bbox 2075 676 2331 718; x_wconf 66' lang='lat' dir='ltr'>referendam·</span> 
     </span>
     <span class='ocr_line' id='line_1_10' title="bbox 247 734 2045 781; baseline -0.003 -1"><span class='ocrx_word' id='word_1_90' title='bbox 247 738 436 780; x_wconf 75' lang='lat' dir='ltr'>existimo</span> <span class='ocrx_word' id='word_1_91' title='bbox 461 735 513 776; x_wconf 90' lang='lat' dir='ltr'>ad</span> <span class='ocrx_word' id='word_1_92' title='bbox 538 734 680 781; x_wconf 65' lang='grc' dir='ltr'>ἅγημαι,</span> <span class='ocrx_word' id='word_1_93' title='bbox 718 734 820 773; x_wconf 82' lang='lat' dir='ltr'>sicut</span> <span class='ocrx_word' id='word_1_94' title='bbox 845 734 888 773; x_wconf 86' lang='lat' dir='ltr'>in</span> <span class='ocrx_word' id='word_1_95' title='bbox 914 735 1064 778; x_wconf 67' lang='grc' dir='ltr'>ιίγίιλος</span> <span class='ocrx_word' id='word_1_96' title='bbox 1089 734 1185 773; x_wconf 84' lang='lat' dir='ltr'>fecit</span> <span class='ocrx_word' id='word_1_97' title='bbox 1210 735 1452 774; x_wconf 86' lang='lat' dir='ltr'>Passowius.</span> <span class='ocrx_word' id='word_1_98' title='bbox 2034 734 2045 741; x_wconf 66' lang='grc'><em>”</em></span> 
     </span>
    </p>

    <p class='ocr_par' dir='ltr' id='par_1_5' title="bbox 250 789 2340 1304">
     <span class='ocr_line' id='line_1_11' title="bbox 376 789 2333 840; baseline 0.001 -8"><span class='ocrx_word' id='word_1_99' title='bbox 376 793 518 836; x_wconf 78' lang='lat' dir='ltr'>Mirari</span> <span class='ocrx_word' id='word_1_100' title='bbox 547 792 639 830; x_wconf 83' lang='lat' dir='ltr'>licet</span> <span class='ocrx_word' id='word_1_101' title='bbox 664 789 890 830; x_wconf 86' lang='lat' dir='ltr'>Canterum</span> <span class='ocrx_word' id='word_1_102' title='bbox 922 792 973 830; x_wconf 86' lang='lat' dir='ltr'>ad</span> <span class='ocrx_word' id='word_1_103' title='bbox 1001 792 1193 830; x_wconf 87' lang='lat' dir='ltr'>tuendam</span> <span class='ocrx_word' id='word_1_104' title='bbox 1220 791 1331 830; x_wconf 90' lang='lat' dir='ltr'>omni</span> <span class='ocrx_word' id='word_1_105' title='bbox 1357 792 1408 829; x_wconf 90' lang='lat' dir='ltr'>ab</span> <span class='ocrx_word' id='word_1_106' title='bbox 1435 791 1684 830; x_wconf 78' lang='lat' dir='ltr'><strong>dubitatione</strong></span> <span class='ocrx_word' id='word_1_107' title='bbox 1710 792 1983 840; x_wconf 88' lang='lat' dir='ltr'>conjecturam</span> <span class='ocrx_word' id='word_1_108' title='bbox 2014 803 2129 830; x_wconf 79' lang='lat' dir='ltr'>suam</span> <span class='ocrx_word' id='word_1_109' title='bbox 2153 791 2253 832; x_wconf 82' lang='lat' dir='ltr'>nihil</span> <span class='ocrx_word' id='word_1_110' title='bbox 2279 791 2333 833; x_wconf 74' lang='lat' dir='ltr'>de&#39;</span> 
     </span>
     <span class='ocr_line' id='line_1_12' title="bbox 252 847 2333 902; baseline -0.001 -10"><span class='ocrx_word' id='word_1_111' title='bbox 252 852 438 895; x_wconf 72' lang='lat' dir='ltr'><strong>vocabuli</strong></span> <span class='ocrx_word' id='word_1_112' title='bbox 467 863 490 889; x_wconf 77' lang='lat' dir='ltr'>a</span> <span class='ocrx_word' id='word_1_113' title='bbox 521 862 564 888; x_wconf 86' lang='lat' dir='ltr'>se</span> <span class='ocrx_word' id='word_1_114' title='bbox 594 847 760 900; x_wconf 76' lang='lat' dir='ltr'>repositi</span> <span class='ocrx_word' id='word_1_115' title='bbox 793 848 901 888; x_wconf 85' lang='lat' dir='ltr'>exitu</span> <span class='ocrx_word' id='word_1_116' title='bbox 935 863 1044 888; x_wconf 81' lang='lat' dir='ltr'>novo</span> <span class='ocrx_word' id='word_1_117' title='bbox 1080 848 1406 888; x_wconf 83' lang='lat' dir='ltr'>commonuisse:</span> <span class='ocrx_word' id='word_1_118' title='bbox 1459 848 1616 888; x_wconf 89' lang='lat' dir='ltr'>tametsi</span> <span class='ocrx_word' id='word_1_119' title='bbox 1643 862 1737 887; x_wconf 93' lang='lat' dir='ltr'>eum</span> <span class='ocrx_word' id='word_1_120' title='bbox 1764 848 1921 889; x_wconf 85' lang='lat' dir='ltr'>idoneis</span> <span class='ocrx_word' id='word_1_121' title='bbox 1949 848 2140 902; x_wconf 85' lang='lat' dir='ltr'>exemplis</span> <span class='ocrx_word' id='word_1_122' title='bbox 2166 848 2333 890; x_wconf 72' lang='lat' dir='ltr'>defendi</span> 
     </span>
     <span class='ocr_line' id='line_1_13' title="bbox 250 905 2336 962; baseline -0.001 -16"><span class='ocrx_word' id='word_1_123' title='bbox 250 926 336 953; x_wconf 64' lang='lat' dir='ltr'>,on</span> <span class='ocrx_word' id='word_1_124' title='bbox 362 910 515 962; x_wconf 81' lang='lat' dir='ltr'>ignoro.</span> <span class='ocrx_word' id='word_1_125' title='bbox 579 906 802 945; x_wconf 84' lang='lat' dir='ltr'>Variabant</span> <span class='ocrx_word' id='word_1_126' title='bbox 827 907 938 946; x_wconf 89' lang='lat' dir='ltr'>enim</span> <span class='ocrx_word' id='word_1_127' title='bbox 968 907 1112 946; x_wconf 90' lang='lat' dir='ltr'>Graeci</span> <span class='ocrx_word' id='word_1_128' title='bbox 1139 907 1251 946; x_wconf 89' lang='lat' dir='ltr'>nullo</span> <span class='ocrx_word' id='word_1_129' title='bbox 1278 906 1495 946; x_wconf 89' lang='lat' dir='ltr'>sententiae</span> <span class='ocrx_word' id='word_1_130' title='bbox 1523 905 1750 946; x_wconf 86' lang='lat' dir='ltr'>discrimine</span> <span class='ocrx_word' id='word_1_131' title='bbox 1778 921 1814 946; x_wconf 90' lang='lat' dir='ltr'>v.</span> <span class='ocrx_word' id='word_1_132' title='bbox 1836 922 1868 946; x_wconf 92' lang='lat' dir='ltr'>c.</span> <span class='ocrx_word' id='word_1_133' title='bbox 1896 907 2021 955; x_wconf 74' lang='grc' dir='ltr'>ἴλλοψ,</span> <span class='ocrx_word' id='word_1_134' title='bbox 2045 908 2195 954; x_wconf 55' lang='lat' dir='ltr'>{nm-3,</span> <span class='ocrx_word' id='word_1_135' title='bbox 2219 907 2336 957; x_wconf 68' lang='grc' dir='ltr'><strong>ὴὸζνξ,</strong></span> 
     </span>
     <span class='ocr_line' id='line_1_14' title="bbox 251 964 2336 1015; baseline 0.003 -18"><span class='ocrx_word' id='word_1_136' title='bbox 251 969 406 1015; x_wconf 46' lang='lat' dir='ltr'>avam,</span> <span class='ocrx_word' id='word_1_137' title='bbox 443 965 601 1011; x_wconf 60' lang='lat' dir='ltr'>...gv-765,</span> <span class='ocrx_word' id='word_1_138' title='bbox 639 964 800 1012; x_wconf 63' lang='grc' dir='ltr'>ι’ςγίλιψ,</span> <span class='ocrx_word' id='word_1_139' title='bbox 838 966 1006 1012; x_wconf 58' lang='lat' dir='ltr'>demam-›1¹‹</span> <span class='ocrx_word' id='word_1_140' title='bbox 1043 964 1199 1015; x_wconf 87' lang='lat' dir='ltr'>aliaque</span> <span class='ocrx_word' id='word_1_141' title='bbox 1232 964 1358 1001; x_wconf 85' lang='lat' dir='ltr'>multa</span> <span class='ocrx_word' id='word_1_142' title='bbox 1393 977 1496 1015; x_wconf 88' lang='lat' dir='ltr'>quae</span> <span class='ocrx_word' id='word_1_143' title='bbox 1529 971 1815 1015; x_wconf 84' lang='lat' dir='ltr'>congesserunt</span> <span class='ocrx_word' id='word_1_144' title='bbox 1840 965 1969 1003; x_wconf 91' lang='lat' dir='ltr'>Porso</span> <span class='ocrx_word' id='word_1_145' title='bbox 1997 972 2038 1003; x_wconf 85' lang='lat' dir='ltr'>et</span> <span class='ocrx_word' id='word_1_146' title='bbox 2063 965 2267 1005; x_wconf 82' lang='lat' dir='ltr'>Schaefer.</span> <span class='ocrx_word' id='word_1_147' title='bbox 2292 965 2336 1004; x_wconf 82' lang='lat' dir='ltr'>in</span> 
     </span>
     <span class='ocr_line' id='line_1_15' title="bbox 252 1019 2336 1075; baseline -0.001 -10"><span class='ocrx_word' id='word_1_148' title='bbox 252 1024 365 1068; x_wconf 80' lang='lat' dir='ltr'>Med.</span> <span class='ocrx_word' id='word_1_149' title='bbox 392 1021 534 1075; x_wconf 87' lang='lat' dir='ltr'>Eurip.</span> <span class='ocrx_word' id='word_1_150' title='bbox 562 1024 673 1061; x_wconf 82' lang='lat'><strong>1363.</strong></span> <span class='ocrx_word' id='word_1_151' title='bbox 739 1019 806 1061; x_wconf 89' lang='lat' dir='ltr'>Cf.</span> <span class='ocrx_word' id='word_1_152' title='bbox 833 1022 940 1061; x_wconf 89' lang='lat' dir='ltr'>Bast.</span> <span class='ocrx_word' id='word_1_153' title='bbox 967 1020 1094 1072; x_wconf 85' lang='lat' dir='ltr'>Epist.</span> <span class='ocrx_word' id='word_1_154' title='bbox 1129 1021 1211 1059; x_wconf 86' lang='lat' dir='ltr'>crit.</span> <span class='ocrx_word' id='word_1_155' title='bbox 1238 1034 1277 1072; x_wconf 87' lang='lat' dir='ltr'>p.</span> <span class='ocrx_word' id='word_1_156' title='bbox 1306 1025 1379 1059; x_wconf 80' lang='lat'>154</span> <span class='ocrx_word' id='word_1_157' title='bbox 1419 1028 1459 1060; x_wconf 92' lang='lat' dir='ltr'>et</span> <span class='ocrx_word' id='word_1_158' title='bbox 1485 1021 1532 1061; x_wconf 85' lang='lat' dir='ltr'>A.</span> <span class='ocrx_word' id='word_1_159' title='bbox 1558 1020 1734 1060; x_wconf 86' lang='lat' dir='ltr'>Meinek.</span> <span class='ocrx_word' id='word_1_160' title='bbox 1763 1019 1861 1060; x_wconf 90' lang='lat' dir='ltr'>Cur.</span> <span class='ocrx_word' id='word_1_161' title='bbox 1890 1023 1974 1061; x_wconf 87' lang='lat' dir='ltr'>crit.</span> <span class='ocrx_word' id='word_1_162' title='bbox 2001 1037 2041 1074; x_wconf 84' lang='lat' dir='ltr'>p.</span> <span class='ocrx_word' id='word_1_163' title='bbox 2068 1028 2129 1062; x_wconf 79' lang='lat'>51.</span> <span class='ocrx_word' id='word_1_164' title='bbox 2193 1025 2336 1075; x_wconf 78' lang='lat' dir='ltr'>ltaque</span> 
     </span>
     <span class='ocr_line' id='line_1_16' title="bbox 253 1076 2338 1135; baseline -0.002 -11"><span class='ocrx_word' id='word_1_165' title='bbox 253 1080 430 1125; x_wconf 85' lang='lat' dir='ltr'>dubitari</span> <span class='ocrx_word' id='word_1_166' title='bbox 467 1085 619 1133; x_wconf 87' lang='lat' dir='ltr'>potest,</span> <span class='ocrx_word' id='word_1_167' title='bbox 662 1092 784 1127; x_wconf 88' lang='lat' dir='ltr'>num,</span> <span class='ocrx_word' id='word_1_168' title='bbox 828 1092 930 1132; x_wconf 88' lang='lat' dir='ltr'>quae</span> <span class='ocrx_word' id='word_1_169' title='bbox 964 1079 1038 1117; x_wconf 79' lang='lat' dir='ltr'>fuit</span> <span class='ocrx_word' id='word_1_170' title='bbox 1071 1077 1227 1116; x_wconf 85' lang='lat' dir='ltr'>Alberti</span> <span class='ocrx_word' id='word_1_171' title='bbox 1262 1076 1419 1130; x_wconf 89' lang='lat' dir='ltr'>opinio,</span> <span class='ocrx_word' id='word_1_172' title='bbox 1457 1077 1674 1132; x_wconf 87' lang='lat' dir='ltr'>genitivum</span> <span class='ocrx_word' id='word_1_173' title='bbox 1712 1077 1892 1131; x_wconf 84' lang='lat' dir='ltr'>posuerit</span> <span class='ocrx_word' id='word_1_174' title='bbox 1924 1078 2171 1135; x_wconf 85' lang='lat' dir='ltr'>Hesychius,</span> <span class='ocrx_word' id='word_1_175' title='bbox 2209 1091 2338 1135; x_wconf 85' lang='lat' dir='ltr'>quum</span> 
     </span>
     <span class='ocr_line' id='line_1_17' title="bbox 253 1135 2338 1187; baseline -0.001 -9"><span class='ocrx_word' id='word_1_176' title='bbox 253 1140 472 1181; x_wconf 62' lang='lat' dir='ltr'>scriberet:</span> <span class='ocrx_word' id='word_1_177' title='bbox 523 1139 703 1182; x_wconf 63' lang='grc' dir='ltr'>αἰγίλιπις,</span> <span class='ocrx_word' id='word_1_178' title='bbox 735 1138 856 1181; x_wconf 70' lang='grc' dir='ltr'>ὁψηλὸς</span> <span class='ocrx_word' id='word_1_179' title='bbox 880 1138 984 1175; x_wconf 64' lang='grc' dir='ltr'><strong><em>τέκος.</em></strong></span> <span class='ocrx_word' id='word_1_180' title='bbox 1048 1136 1186 1184; x_wconf 87' lang='lat' dir='ltr'>Quam</span> <span class='ocrx_word' id='word_1_181' title='bbox 1211 1135 1388 1173; x_wconf 84' lang='lat' dir='ltr'>formam</span> <span class='ocrx_word' id='word_1_182' title='bbox 1414 1137 1558 1174; x_wconf 88' lang='lat' dir='ltr'>Latino</span> <span class='ocrx_word' id='word_1_183' title='bbox 1585 1136 1768 1187; x_wconf 81' lang='lat' dir='ltr'>scriptori</span> <span class='ocrx_word' id='word_1_184' title='bbox 1795 1137 1916 1174; x_wconf 92' lang='lat' dir='ltr'>altera</span> <span class='ocrx_word' id='word_1_185' title='bbox 1943 1138 2190 1175; x_wconf 78' lang='lat' dir='ltr'>usitatiorem</span> <span class='ocrx_word' id='word_1_186' title='bbox 2215 1138 2338 1176; x_wconf 76' lang='lat' dir='ltr'>fuisse</span> 
     </span>
     <span class='ocr_line' id='line_1_18' title="bbox 258 1191 2340 1249; baseline -0.001 -11"><span class='ocrx_word' id='word_1_187' title='bbox 258 1195 404 1247; x_wconf 85' lang='lat' dir='ltr'>conjici</span> <span class='ocrx_word' id='word_1_188' title='bbox 447 1201 584 1249; x_wconf 85' lang='lat' dir='ltr'>potest</span> <span class='ocrx_word' id='word_1_189' title='bbox 628 1209 677 1234; x_wconf 85' lang='lat' dir='ltr'>ex</span> <span class='ocrx_word' id='word_1_190' title='bbox 722 1193 807 1243; x_wconf 81' lang='lat' dir='ltr'>his,</span> <span class='ocrx_word' id='word_1_191' title='bbox 860 1207 963 1249; x_wconf 87' lang='lat' dir='ltr'>quae</span> <span class='ocrx_word' id='word_1_192' title='bbox 1002 1191 1110 1247; x_wconf 89' lang='lat' dir='ltr'>apud</span> <span class='ocrx_word' id='word_1_193' title='bbox 1148 1191 1350 1232; x_wconf 89' lang='lat' dir='ltr'>Lucilium</span> <span class='ocrx_word' id='word_1_194' title='bbox 1394 1194 1560 1248; x_wconf 88' lang='lat' dir='ltr'>ejusque</span> <span class='ocrx_word' id='word_1_195' title='bbox 1603 1192 1789 1248; x_wconf 80' lang='lat' dir='ltr'>aequales</span> <span class='ocrx_word' id='word_1_196' title='bbox 1838 1193 2118 1234; x_wconf 81' lang='lat' dir='ltr'>inveniuntur:</span> <span class='ocrx_word' id='word_1_197' title='bbox 2166 1195 2340 1243; x_wconf 70' lang='lat' dir='ltr'>Arabus,</span> 
     </span>
     <span class='ocr_line' id='line_1_19' title="bbox 261 1255 2336 1304; baseline -0.004 -8"><span class='ocrx_word' id='word_1_198' title='bbox 261 1258 491 1304; x_wconf 76' lang='lat' dir='ltr'>Aethiopus,</span> <span class='ocrx_word' id='word_1_199' title='bbox 525 1255 754 1301; x_wconf 78' lang='lat' dir='ltr'>elephantus.</span> <span class='ocrx_word' id='word_1_200' title='bbox 2329 1263 2336 1273; x_wconf 59' lang='lat'>¹·</span> 
     </span>
    </p>

    <p class='ocr_par' dir='ltr' id='par_1_6' title="bbox 257 1306 2348 1818">
     <span class='ocr_line' id='line_1_20' title="bbox 383 1306 2344 1359; baseline 0.002 -13"><span class='ocrx_word' id='word_1_201' title='bbox 383 1311 479 1349; x_wconf 85' lang='lat' dir='ltr'>Jam</span> <span class='ocrx_word' id='word_1_202' title='bbox 517 1322 616 1346; x_wconf 86' lang='lat' dir='ltr'>vero</span> <span class='ocrx_word' id='word_1_203' title='bbox 654 1307 911 1358; x_wconf 88' lang='lat' dir='ltr'>quantumvis</span> <span class='ocrx_word' id='word_1_204' title='bbox 950 1307 1051 1345; x_wconf 87' lang='lat' dir='ltr'>haec</span> <span class='ocrx_word' id='word_1_205' title='bbox 1089 1320 1192 1357; x_wconf 89' lang='lat' dir='ltr'>quae</span> <span class='ocrx_word' id='word_1_206' title='bbox 1229 1306 1281 1344; x_wconf 90' lang='lat' dir='ltr'>de</span> <span class='ocrx_word' id='word_1_207' title='bbox 1319 1320 1419 1344; x_wconf 76' lang='lat' dir='ltr'>voce</span> <span class='ocrx_word' id='word_1_208' title='bbox 1453 1306 1594 1350; x_wconf 67' lang='grc' dir='ltr'>αἰγίλιψ</span> <span class='ocrx_word' id='word_1_209' title='bbox 1634 1306 1923 1357; x_wconf 84' lang='lat' dir='ltr'>disputavimus</span> <span class='ocrx_word' id='word_1_210' title='bbox 1963 1309 2143 1359; x_wconf 87' lang='lat' dir='ltr'>speciosa</span> <span class='ocrx_word' id='word_1_211' title='bbox 2183 1309 2265 1348; x_wconf 81' lang='lat' dir='ltr'>sint</span> <span class='ocrx_word' id='word_1_212' title='bbox 2296 1314 2344 1349; x_wconf 74' lang='lat' dir='ltr'>-et</span> 
     </span>
     <span class='ocr_line' id='line_1_21' title="bbox 261 1360 2346 1421; baseline 0.001 -18"><span class='ocrx_word' id='word_1_213' title='bbox 261 1372 383 1421; x_wconf 81' lang='lat' dir='ltr'>quam</span> <span class='ocrx_word' id='word_1_214' title='bbox 409 1362 584 1402; x_wconf 83' lang='lat' dir='ltr'>maxime</span> <span class='ocrx_word' id='word_1_215' title='bbox 609 1362 769 1399; x_wconf 82' lang='lat' dir='ltr'>valeant</span> <span class='ocrx_word' id='word_1_216' title='bbox 793 1361 843 1399; x_wconf 90' lang='lat' dir='ltr'>ad</span> <span class='ocrx_word' id='word_1_217' title='bbox 871 1361 1217 1413; x_wconf 86' lang='lat' dir='ltr'>comprobandam</span> <span class='ocrx_word' id='word_1_218' title='bbox 1239 1360 1403 1400; x_wconf 87' lang='lat' dir='ltr'>Canteri</span> <span class='ocrx_word' id='word_1_219' title='bbox 1430 1362 1776 1411; x_wconf 88' lang='lat' dir='ltr'>emendationem,</span> <span class='ocrx_word' id='word_1_220' title='bbox 1802 1362 1884 1402; x_wconf 94' lang='lat' dir='ltr'>duo</span> <span class='ocrx_word' id='word_1_221' title='bbox 1905 1370 2043 1404; x_wconf 89' lang='lat' dir='ltr'>tamen</span> <span class='ocrx_word' id='word_1_222' title='bbox 2063 1363 2346 1418; x_wconf 80' lang='lat' dir='ltr'>relinquuntur</span> 
     </span>
     <span class='ocr_line' id='line_1_22' title="bbox 257 1418 2345 1477; baseline 0.001 -16"><span class='ocrx_word' id='word_1_223' title='bbox 257 1437 361 1477; x_wconf 86' lang='lat' dir='ltr'>quae</span> <span class='ocrx_word' id='word_1_224' title='bbox 393 1420 685 1458; x_wconf 84' lang='lat' dir='ltr'>dubitationem</span> <span class='ocrx_word' id='word_1_225' title='bbox 712 1419 906 1456; x_wconf 82' lang='lat' dir='ltr'>afferant:</span> <span class='ocrx_word' id='word_1_226' title='bbox 957 1433 1085 1455; x_wconf 88' lang='lat' dir='ltr'>unum</span> <span class='ocrx_word' id='word_1_227' title='bbox 1119 1419 1230 1469; x_wconf 91' lang='lat' dir='ltr'>quod</span> <span class='ocrx_word' id='word_1_228' title='bbox 1262 1418 1402 1462; x_wconf 63' lang='grc' dir='ltr'>αἰγίλιψ</span> <span class='ocrx_word' id='word_1_229' title='bbox 1434 1420 1484 1456; x_wconf 86' lang='lat' dir='ltr'>ab</span> <span class='ocrx_word' id='word_1_230' title='bbox 1518 1421 1701 1459; x_wconf 85' lang='lat' dir='ltr'>Homero</span> <span class='ocrx_word' id='word_1_231' title='bbox 1737 1428 1777 1459; x_wconf 89' lang='lat' dir='ltr'>et</span> <span class='ocrx_word' id='word_1_232' title='bbox 1802 1421 2007 1474; x_wconf 81' lang='lat' dir='ltr'>Aeschylo</span> <span class='ocrx_word' id='word_1_233' title='bbox 2045 1423 2213 1476; x_wconf 86' lang='lat' dir='ltr'>(Suppl.</span> <span class='ocrx_word' id='word_1_234' title='bbox 2240 1425 2345 1474; x_wconf 78' lang='lat'>794)</span> 
     </span>
     <span class='ocr_line' id='line_1_23' title="bbox 257 1474 2347 1530; baseline 0.001 -11"><span class='ocrx_word' id='word_1_235' title='bbox 257 1494 345 1522; x_wconf 83' lang='lat' dir='ltr'>non</span> <span class='ocrx_word' id='word_1_236' title='bbox 377 1490 497 1517; x_wconf 87' lang='lat' dir='ltr'>mons</span> <span class='ocrx_word' id='word_1_237' title='bbox 531 1475 601 1515; x_wconf 88' lang='lat' dir='ltr'>sed</span> <span class='ocrx_word' id='word_1_238' title='bbox 633 1489 755 1527; x_wconf 88' lang='lat' dir='ltr'>rupes</span> <span class='ocrx_word' id='word_1_239' title='bbox 780 1482 947 1512; x_wconf 81' lang='lat' dir='ltr'>vocatur</span> <span class='ocrx_word' id='word_1_240' title='bbox 973 1474 1190 1522; x_wconf 89' lang='lat' dir='ltr'>(nimirum</span> <span class='ocrx_word' id='word_1_241' title='bbox 1217 1474 1411 1527; x_wconf 84' lang='lat' dir='ltr'>significat</span> <span class='ocrx_word' id='word_1_242' title='bbox 1436 1476 1476 1514; x_wconf 90' lang='lat' dir='ltr'>id</span> <span class='ocrx_word' id='word_1_243' title='bbox 1505 1477 1615 1528; x_wconf 90' lang='lat' dir='ltr'>quod</span> <span class='ocrx_word' id='word_1_244' title='bbox 1642 1485 1702 1516; x_wconf 87' lang='lat' dir='ltr'>est</span> <span class='ocrx_word' id='word_1_245' title='bbox 1727 1478 1904 1530; x_wconf 89' lang='lat' dir='ltr'>undique</span> <span class='ocrx_word' id='word_1_246' title='bbox 1929 1480 2146 1519; x_wconf 87' lang='lat' dir='ltr'>abscissum</span> <span class='ocrx_word' id='word_1_247' title='bbox 2171 1488 2212 1520; x_wconf 86' lang='lat' dir='ltr'>et</span> <span class='ocrx_word' id='word_1_248' title='bbox 2234 1481 2347 1521; x_wconf 81' lang='lat' dir='ltr'>velut</span> 
     </span>
     <span class='ocr_line' id='line_1_24' title="bbox 262 1531 2348 1589; baseline 0.001 -13"><span class='ocrx_word' id='word_1_249' title='bbox 262 1535 548 1585; x_wconf 78' lang='lat' dir='ltr'>laevigatum),</span> <span class='ocrx_word' id='word_1_250' title='bbox 590 1532 764 1568; x_wconf 79' lang='lat' dir='ltr'>alterum</span> <span class='ocrx_word' id='word_1_251' title='bbox 790 1531 901 1581; x_wconf 87' lang='lat' dir='ltr'>quod</span> <span class='ocrx_word' id='word_1_252' title='bbox 927 1531 1016 1568; x_wconf 84' lang='lat' dir='ltr'>libri</span> <span class='ocrx_word' id='word_1_253' title='bbox 1042 1545 1136 1569; x_wconf 85' lang='lat' dir='ltr'>mss.</span> <span class='ocrx_word' id='word_1_254' title='bbox 1161 1547 1190 1565; x_wconf 72' lang='lat' dir='ltr'>n-</span> <span class='ocrx_word' id='word_1_255' title='bbox 1215 1531 1386 1569; x_wconf 88' lang='lat' dir='ltr'>litteram</span> <span class='ocrx_word' id='word_1_256' title='bbox 1419 1531 1461 1570; x_wconf 90' lang='lat' dir='ltr'>in</span> <span class='ocrx_word' id='word_1_257' title='bbox 1487 1540 1601 1585; x_wconf 88' lang='lat' dir='ltr'>parte</span> <span class='ocrx_word' id='word_1_258' title='bbox 1626 1534 1810 1573; x_wconf 80' lang='lat' dir='ltr'>vocabuli</span> <span class='ocrx_word' id='word_1_259' title='bbox 1840 1536 1977 1589; x_wconf 89' lang='lat' dir='ltr'>priore</span> <span class='ocrx_word' id='word_1_260' title='bbox 2007 1537 2253 1578; x_wconf 87' lang='lat' dir='ltr'>constantius</span> <span class='ocrx_word' id='word_1_261' title='bbox 2285 1552 2348 1580; x_wconf 88' lang='lat' dir='ltr'>re-</span> 
     </span>
     <span class='ocr_line' id='line_1_25' title="bbox 263 1587 2347 1650; baseline -0.002 -15"><span class='ocrx_word' id='word_1_262' title='bbox 263 1595 405 1635; x_wconf 72' lang='lat' dir='ltr'>tinent.</span> <span class='ocrx_word' id='word_1_263' title='bbox 469 1589 544 1629; x_wconf 88' lang='lat' dir='ltr'>His</span> <span class='ocrx_word' id='word_1_264' title='bbox 577 1587 627 1627; x_wconf 88' lang='lat' dir='ltr'>de</span> <span class='ocrx_word' id='word_1_265' title='bbox 660 1588 795 1627; x_wconf 75' lang='lat' dir='ltr'>causis‘</span> <span class='ocrx_word' id='word_1_266' title='bbox 814 1587 1070 1638; x_wconf 85' lang='lat' dir='ltr'>depravatam</span> <span class='ocrx_word' id='word_1_267' title='bbox 1097 1603 1240 1627; x_wconf 87' lang='lat' dir='ltr'>censeo</span> <span class='ocrx_word' id='word_1_268' title='bbox 1267 1589 1430 1628; x_wconf 90' lang='lat' dir='ltr'>alteram</span> <span class='ocrx_word' id='word_1_269' title='bbox 1456 1597 1616 1642; x_wconf 78' lang='lat' dir='ltr'>pa’rtem</span> <span class='ocrx_word' id='word_1_270' title='bbox 1641 1607 1879 1645; x_wconf 89' lang='lat' dir='ltr'>reponoque</span> <span class='ocrx_word' id='word_1_271' title='bbox 1905 1594 1985 1633; x_wconf 92' lang='lat' dir='ltr'>hoc</span> <span class='ocrx_word' id='word_1_272' title='bbox 2010 1596 2202 1641; x_wconf 67' lang='grc' dir='ltr'>αἰπόλοφη,</span> <span class='ocrx_word' id='word_1_273' title='bbox 2235 1597 2347 1650; x_wconf 75' lang='lat' dir='ltr'>quod</span> 
     </span>
     <span class='ocr_line' id='line_1_26' title="bbox 265 1644 2346 1709; baseline 0.001 -19"><span class='ocrx_word' id='word_1_274' title='bbox 265 1651 420 1691; x_wconf 88' lang='lat' dir='ltr'>dictum</span> <span class='ocrx_word' id='word_1_275' title='bbox 454 1653 534 1693; x_wconf 85' lang='lat' dir='ltr'>est,</span> <span class='ocrx_word' id='word_1_276' title='bbox 585 1651 630 1683; x_wconf 88' lang='lat' dir='ltr'>ut</span> <span class='ocrx_word' id='word_1_277' title='bbox 663 1644 827 1696; x_wconf 85' lang='lat' dir='ltr'>opinor,</span> <span class='ocrx_word' id='word_1_278' title='bbox 879 1645 1064 1697; x_wconf 87' lang='lat' dir='ltr'>exemplo</span> <span class='ocrx_word' id='word_1_279' title='bbox 1099 1645 1285 1699; x_wconf 76' lang='lat' dir='ltr'>Aeschyli</span> <span class='ocrx_word' id='word_1_280' title='bbox 1321 1647 1461 1700; x_wconf 83' lang='lat' dir='ltr'>Agam.</span> <span class='ocrx_word' id='word_1_281' title='bbox 1489 1651 1589 1689; x_wconf 82' lang='lat'>285:</span> <span class='ocrx_word' id='word_1_282' title='bbox 1633 1645 1758 1686; x_wconf 63' lang='grc' dir='ltr'>Ἄθων</span> <span class='ocrx_word' id='word_1_283' title='bbox 1792 1648 1886 1692; x_wconf 69' lang='grc' dir='ltr'><strong><em>αἶπος</em></strong></span> <span class='ocrx_word' id='word_1_284' title='bbox 1918 1658 1958 1692; x_wconf 89' lang='lat' dir='ltr'>et</span> <span class='ocrx_word' id='word_1_285' title='bbox 1991 1652 2150 1693; x_wconf 89' lang='lat' dir='ltr'>Pindari</span> <span class='ocrx_word' id='word_1_286' title='bbox 2177 1652 2346 1709; x_wconf 85' lang='lat' dir='ltr'>Olymp.</span> 
     </span>
     <span class='ocr_line' id='line_1_27' title="bbox 266 1701 2347 1759; baseline -0.001 -14"><span class='ocrx_word' id='word_1_287' title='bbox 266 1708 380 1749; x_wconf 78' lang='grc' dir='ltr'>ΧΙΙῙ,</span> <span class='ocrx_word' id='word_1_288' title='bbox 416 1707 514 1740; x_wconf 77' lang='lat'>158:</span> <span class='ocrx_word' id='word_1_289' title='bbox 566 1703 667 1735; x_wconf 61' lang='grc' dir='ltr'><strong><em>Αἴτνα</em></strong></span> <span class='ocrx_word' id='word_1_290' title='bbox 693 1701 860 1744; x_wconf 50' lang='lat' dir='ltr'>fibla-0⁰5.</span> <span class='ocrx_word' id='word_1_291' title='bbox 925 1702 1147 1751; x_wconf 80' lang='lat' dir='ltr'>Hesychius</span> <span class='ocrx_word' id='word_1_292' title='bbox 1164 1718 1174 1738; x_wconf 78' lang='grc' dir='ltr'><strong><em>ε</em></strong></span> <span class='ocrx_word' id='word_1_293' title='bbox 1225 1703 1329 1745; x_wconf 75' lang='grc' dir='ltr'><strong><em>Λὶπιῖ,</em></strong></span> <span class='ocrx_word' id='word_1_294' title='bbox 1361 1707 1397 1737; x_wconf 73' lang='grc' dir='ltr'>τὸ</span> <span class='ocrx_word' id='word_1_295' title='bbox 1422 1704 1541 1746; x_wconf 46' lang='lat' dir='ltr'>aslanz),</span> <span class='ocrx_word' id='word_1_296' title='bbox 1567 1708 1624 1739; x_wconf 68' lang='lat' dir='ltr'>nal</span> <span class='ocrx_word' id='word_1_297' title='bbox 1647 1708 1801 1749; x_wconf 64' lang='grc' dir='ltr'>χαλεπόν.</span> <span class='ocrx_word' id='word_1_298' title='bbox 1870 1709 1998 1747; x_wconf 71' lang='lat' dir='ltr'>Item:</span> <span class='ocrx_word' id='word_1_299' title='bbox 2047 1708 2165 1756; x_wconf 55' lang='grc' dir='ltr'>Αἲξ-ος,</span> <span class='ocrx_word' id='word_1_300' title='bbox 2195 1710 2347 1759; x_wconf 60' lang='grc' dir='ltr'><strong><em>κάμῃ.</em></strong></span> 
     </span>
     <span class='ocr_line' id='line_1_28' title="bbox 263 1752 2232 1818; baseline 0 -23"><span class='ocrx_word' id='word_1_301' title='bbox 263 1761 281 1804; x_wconf 60' lang='grc' dir='ltr'><strong>ὃ</strong></span> <span class='ocrx_word' id='word_1_302' title='bbox 306 1761 427 1808; x_wconf 56' lang='lat' dir='ltr'>asle-235</span> <span class='ocrx_word' id='word_1_303' title='bbox 450 1757 546 1796; x_wconf 68' lang='lat' dir='ltr'>ria-05</span> <span class='ocrx_word' id='word_1_304' title='bbox 570 1752 589 1796; x_wconf 75' lang='lat' dir='ltr'>ii</span> <span class='ocrx_word' id='word_1_305' title='bbox 613 1754 738 1796; x_wconf 67' lang='grc' dir='ltr'><strong><em>ν’λείδης.</em></strong></span> <span class='ocrx_word' id='word_1_306' title='bbox 802 1756 913 1808; x_wconf 86' lang='lat' dir='ltr'>Ergo</span> <span class='ocrx_word' id='word_1_307' title='bbox 939 1763 1108 1808; x_wconf 78' lang='lat' dir='ltr'>cognata</span> <span class='ocrx_word' id='word_1_308' title='bbox 1134 1756 1228 1795; x_wconf 90' lang='lat' dir='ltr'>huic</span> <span class='ocrx_word' id='word_1_309' title='bbox 1253 1758 1447 1818; x_wconf 62' lang='lat' dir='ltr'>vocabula</span> <span class='ocrx_word' id='word_1_310' title='bbox 1473 1758 1622 1809; x_wconf 70' lang='grc' dir='ltr'>σίνιίπης,</span> <span class='ocrx_word' id='word_1_311' title='bbox 1659 1765 1811 1801; x_wconf 65' lang='lat' dir='ltr'>arduus,</span> <span class='ocrx_word' id='word_1_312' title='bbox 2228 1755 2232 1765; x_wconf 59' lang='lat'><strong><em>⁵</em></strong></span> 
     </span>
    </p>
   </div>
   <div class='ocr_carea' id='block_1_5' title="bbox 269 1877 2350 2053">
    <p class='ocr_par' dir='ltr' id='par_1_7' title="bbox 269 1877 2350 2053">
     <span class='ocr_line' id='line_1_29' title="bbox 343 1877 2350 1945; baseline 0.002 -23"><span class='ocrx_word' id='word_1_313' title='bbox 343 1886 383 1924; x_wconf 81' lang='lat'>5.</span> <span class='ocrx_word' id='word_1_314' title='bbox 450 1882 623 1944; x_wconf 61' lang='lat' dir='ltr'>Corpore</span> <span class='ocrx_word' id='word_1_315' title='bbox 646 1880 792 1944; x_wconf 40' lang='lat' dir='ltr'>‘Veneh</span> <span class='ocrx_word' id='word_1_316' title='bbox 818 1877 938 1916; x_wconf 80' lang='lat' dir='ltr'>Basil.</span> <span class='ocrx_word' id='word_1_317' title='bbox 965 1878 1092 1917; x_wconf 87' lang='lat' dir='ltr'>Merc.</span> <span class='ocrx_word' id='word_1_318' title='bbox 1118 1882 1154 1917; x_wconf 85' lang='grc'>2.</span> <span class='ocrx_word' id='word_1_319' title='bbox 1182 1884 1334 1930; x_wconf 65' lang='grc' dir='ltr'><em>σοι-ροντ’</em></span> <span class='ocrx_word' id='word_1_320' title='bbox 1353 1881 1478 1922; x_wconf 87' lang='lat' dir='ltr'>Merc.</span> <span class='ocrx_word' id='word_1_321' title='bbox 1501 1886 1535 1922; x_wconf 89' lang='lat' dir='ltr'>l.</span> <span class='ocrx_word' id='word_1_322' title='bbox 1562 1884 1714 1924; x_wconf 82' lang='lat' dir='ltr'>Dousa.</span> <span class='ocrx_word' id='word_1_323' title='bbox 1766 1885 1872 1924; x_wconf 87' lang='lat' dir='ltr'>Item</span> <span class='ocrx_word' id='word_1_324' title='bbox 1897 1899 1960 1940; x_wconf 80' lang='lat' dir='ltr'>ap.</span> <span class='ocrx_word' id='word_1_325' title='bbox 1986 1885 2168 1929; x_wconf 87' lang='lat' dir='ltr'>Nonium</span> <span class='ocrx_word' id='word_1_326' title='bbox 2192 1902 2234 1945; x_wconf 81' lang='lat' dir='ltr'>p.</span> <span class='ocrx_word' id='word_1_327' title='bbox 2261 1893 2350 1944; x_wconf 69' lang='lat'>202,</span> 
     </span>
     <span class='ocr_line' id='line_1_30' title="bbox 269 1935 2350 1993; baseline 0.004 -14"><span class='ocrx_word' id='word_1_328' title='bbox 269 1941 343 1983; x_wconf 75' lang='lat' dir='ltr'>etsi</span> <span class='ocrx_word' id='word_1_329' title='bbox 374 1937 457 1978; x_wconf 87' lang='lat' dir='ltr'>mei</span> <span class='ocrx_word' id='word_1_330' title='bbox 496 1936 585 1975; x_wconf 80' lang='lat' dir='ltr'>libri</span> <span class='ocrx_word' id='word_1_331' title='bbox 624 1950 679 1975; x_wconf 81' lang='lat' dir='ltr'>sic</span> <span class='ocrx_word' id='word_1_332' title='bbox 714 1935 891 1974; x_wconf 86' lang='lat' dir='ltr'>habent:</span> <span class='ocrx_word' id='word_1_333' title='bbox 942 1939 1121 1974; x_wconf 77' lang='lat' dir='ltr'>esurienti</span> <span class='ocrx_word' id='word_1_334' title='bbox 1150 1940 1251 1975; x_wconf 82' lang='lat' dir='ltr'>leoni</span> <span class='ocrx_word' id='word_1_335' title='bbox 1280 1954 1328 1976; x_wconf 71' lang='lat' dir='ltr'>ea,-</span> <span class='ocrx_word' id='word_1_336' title='bbox 1365 1956 1429 1978; x_wconf 87' lang='lat' dir='ltr'>ore</span> <span class='ocrx_word' id='word_1_337' title='bbox 1461 1946 1679 1992; x_wconf 76' lang='lat' dir='ltr'>exsculpere</span> <span class='ocrx_word' id='word_1_338' title='bbox 1710 1947 1909 1993; x_wconf 81' lang='lat' dir='ltr'>praedam,</span> <span class='ocrx_word' id='word_1_339' title='bbox 1956 1945 2175 1986; x_wconf 88' lang='lat' dir='ltr'>Mercerius</span> <span class='ocrx_word' id='word_1_340' title='bbox 2211 1956 2350 1990; x_wconf 82' lang='lat' dir='ltr'>tamen</span> 
     </span>
     <span class='ocr_line' id='line_1_31' title="bbox 272 1993 2349 2053; baseline 0.005 -15"><span class='ocrx_word' id='word_1_341' title='bbox 272 2000 458 2039; x_wconf 75' lang='lat' dir='ltr'>esuriente</span> <span class='ocrx_word' id='word_1_342' title='bbox 496 1993 707 2044; x_wconf 76' lang='lat' dir='ltr'>legendum</span> <span class='ocrx_word' id='word_1_343' title='bbox 740 1993 805 2031; x_wconf 88' lang='lat' dir='ltr'>ait.</span> <span class='ocrx_word' id='word_1_344' title='bbox 857 1993 911 2031; x_wconf 82' lang='lat' dir='ltr'>At</span> <span class='ocrx_word' id='word_1_345' title='bbox 942 1993 991 2031; x_wconf 92' lang='lat' dir='ltr'>de</span> <span class='ocrx_word' id='word_1_346' title='bbox 1024 1993 1164 2031; x_wconf 85' lang='lat' dir='ltr'>Lucilii</span> <span class='ocrx_word' id='word_1_347' title='bbox 1198 1995 1392 2034; x_wconf 84' lang='lat' dir='ltr'>sententia</span> <span class='ocrx_word' id='word_1_348' title='bbox 1426 1997 1683 2038; x_wconf 89' lang='lat' dir='ltr'>scribendum</span> <span class='ocrx_word' id='word_1_349' title='bbox 1714 2000 1848 2052; x_wconf 85' lang='lat' dir='ltr'>potius</span> <span class='ocrx_word' id='word_1_350' title='bbox 1882 2007 2052 2053; x_wconf 78' lang='lat' dir='ltr'>corporei</span> <span class='ocrx_word' id='word_1_351' title='bbox 2072 2012 2113 2044; x_wconf 88' lang='lat' dir='ltr'>et</span> <span class='ocrx_word' id='word_1_352' title='bbox 2142 2011 2349 2052; x_wconf 59' lang='lat' dir='ltr'>esurientes.</span> 
     </span>
    </p>
   </div>
   <div class='ocr_carea' id='block_1_6' title="bbox 272 2049 2353 2153">
    <p class='ocr_par' dir='ltr' id='par_1_8' title="bbox 272 2049 2353 2153">
     <span class='ocr_line' id='line_1_32' title="bbox 272 2049 2353 2114; baseline 0.005 -21"><span class='ocrx_word' id='word_1_353' title='bbox 272 2070 311 2093; x_wconf 78' lang='lat' dir='ltr'>v.</span> <span class='ocrx_word' id='word_1_354' title='bbox 333 2051 585 2114; x_wconf 48' lang='lat' dir='ltr'>Quinctil-4,</span> <span class='ocrx_word' id='word_1_355' title='bbox 611 2054 647 2095; x_wconf 83' lang='lat'>7,</span> <span class='ocrx_word' id='word_1_356' title='bbox 674 2054 734 2088; x_wconf 89' lang='lat'>15.</span> <span class='ocrx_word' id='word_1_357' title='bbox 786 2049 1020 2087; x_wconf 81' lang='lat' dir='ltr'>Schneider.</span> <span class='ocrx_word' id='word_1_358' title='bbox 1048 2050 1121 2087; x_wconf 85' lang='lat' dir='ltr'>Gr.</span> <span class='ocrx_word' id='word_1_359' title='bbox 1146 2051 1234 2089; x_wconf 84' lang='lat' dir='ltr'>Lat.</span> <span class='ocrx_word' id='word_1_360' title='bbox 1255 2053 1314 2098; x_wconf 91' lang='lat'>11,</span> <span class='ocrx_word' id='word_1_361' title='bbox 1338 2066 1379 2103; x_wconf 85' lang='lat' dir='ltr'>p.</span> <span class='ocrx_word' id='word_1_362' title='bbox 1400 2057 1486 2093; x_wconf 86' lang='lat'><strong>200.</strong></span> <span class='ocrx_word' id='word_1_363' title='bbox 1527 2054 1597 2095; x_wconf 86' lang='lat' dir='ltr'>Cf.</span> <span class='ocrx_word' id='word_1_364' title='bbox 1622 2057 1763 2095; x_wconf 84' lang='lat' dir='ltr'>Burm.</span> <span class='ocrx_word' id='word_1_365' title='bbox 1789 2057 1833 2095; x_wconf 88' lang='lat' dir='ltr'>in</span> <span class='ocrx_word' id='word_1_366' title='bbox 1853 2058 1967 2111; x_wconf 77' lang='lat' dir='ltr'>Virg.</span> <span class='ocrx_word' id='word_1_367' title='bbox 1985 2061 2086 2100; x_wconf 79' lang='lat' dir='ltr'>Aen.</span> <span class='ocrx_word' id='word_1_368' title='bbox 2106 2062 2184 2111; x_wconf 83' lang='lat' dir='ltr'>VI,</span> <span class='ocrx_word' id='word_1_369' title='bbox 2210 2067 2284 2105; x_wconf 81' lang='lat'>727</span> <span class='ocrx_word' id='word_1_370' title='bbox 2310 2071 2353 2106; x_wconf 67' lang='lat' dir='ltr'>et</span> 
     </span>
     <span class='ocr_line' id='line_1_33' title="bbox 274 2105 1062 2153; baseline -0.011 -1"><span class='ocrx_word' id='word_1_371' title='bbox 274 2110 414 2153; x_wconf 86' lang='lat' dir='ltr'>Schol.</span> <span class='ocrx_word' id='word_1_372' title='bbox 440 2111 535 2148; x_wconf 80' lang='lat' dir='ltr'>Aer.</span> <span class='ocrx_word' id='word_1_373' title='bbox 560 2121 604 2145; x_wconf 88' lang='lat' dir='ltr'>m</span> <span class='ocrx_word' id='word_1_374' title='bbox 630 2107 730 2145; x_wconf 83' lang='lat' dir='ltr'>Hor.</span> <span class='ocrx_word' id='word_1_375' title='bbox 757 2105 839 2144; x_wconf 88' lang='lat' dir='ltr'>Sat.</span> <span class='ocrx_word' id='word_1_376' title='bbox 866 2105 905 2152; x_wconf 91' lang='lat'>1,</span> <span class='ocrx_word' id='word_1_377' title='bbox 932 2108 977 2152; x_wconf 88' lang='lat'>5,</span> <span class='ocrx_word' id='word_1_378' title='bbox 1002 2108 1062 2144; x_wconf 77' lang='lat'>47.</span> 
     </span>
    </p>
   </div>
   <div class='ocr_carea' id='block_1_7' title="bbox 272 2226 2350 2410">
    <p class='ocr_par' dir='ltr' id='par_1_9' title="bbox 272 2226 2350 2410">
     <span class='ocr_line' id='line_1_34' title="bbox 346 2226 2350 2290; baseline 0 -21"><span class='ocrx_word' id='word_1_379' title='bbox 346 2235 385 2272; x_wconf 83' lang='grc'>7.</span> <span class='ocrx_word' id='word_1_380' title='bbox 448 2231 497 2268; x_wconf 87' lang='lat' dir='ltr'>In</span> <span class='ocrx_word' id='word_1_381' title='bbox 531 2227 733 2266; x_wconf 89' lang='lat' dir='ltr'>Prisciano</span> <span class='ocrx_word' id='word_1_382' title='bbox 765 2226 927 2264; x_wconf 88' lang='lat' dir='ltr'>Putsch.</span> <span class='ocrx_word' id='word_1_383' title='bbox 961 2227 1017 2265; x_wconf 92' lang='lat' dir='ltr'>sic</span> <span class='ocrx_word' id='word_1_384' title='bbox 1049 2226 1215 2279; x_wconf 87' lang='lat' dir='ltr'>legitur:</span> <span class='ocrx_word' id='word_1_385' title='bbox 1262 2229 1315 2267; x_wconf 83' lang='lat' dir='ltr'>Et</span> <span class='ocrx_word' id='word_1_386' title='bbox 1352 2245 1474 2268; x_wconf 83' lang='lat' dir='ltr'>somno</span> <span class='ocrx_word' id='word_1_387' title='bbox 1509 2245 1648 2281; x_wconf 81' lang='lat' dir='ltr'>pueros</span> <span class='ocrx_word' id='word_1_388' title='bbox 1685 2248 1767 2272; x_wconf 86' lang='lat' dir='ltr'>cum</span> <span class='ocrx_word' id='word_1_389' title='bbox 1802 2248 1909 2275; x_wconf 81' lang='lat' dir='ltr'>mane</span> <span class='ocrx_word' id='word_1_390' title='bbox 1945 2243 2160 2290; x_wconf 65' lang='lat' dir='ltr'>expergitus</span> <span class='ocrx_word' id='word_1_391' title='bbox 2196 2245 2350 2286; x_wconf 53' lang='lat' dir='ltr'>clm·</span> 
     </span>
     <span class='ocr_line' id='line_1_35' title="bbox 272 2284 2350 2355; baseline 0.004 -24"><span class='ocrx_word' id='word_1_392' title='bbox 272 2290 364 2331; x_wconf 73' lang='lat' dir='ltr'>Hoc</span> <span class='ocrx_word' id='word_1_393' title='bbox 389 2292 544 2328; x_wconf 86' lang='lat' dir='ltr'>mutato</span> <span class='ocrx_word' id='word_1_394' title='bbox 571 2294 607 2324; x_wconf 81' lang='lat' dir='ltr'>et</span> <span class='ocrx_word' id='word_1_395' title='bbox 634 2284 677 2349; x_wconf 77' lang='lat' dir='ltr'>in</span> <span class='ocrx_word' id='word_1_396' title='bbox 703 2300 724 2324; x_wconf 79' lang='lat' dir='ltr'>e</span> <span class='ocrx_word' id='word_1_397' title='bbox 750 2284 920 2324; x_wconf 86' lang='lat' dir='ltr'>servavit</span> <span class='ocrx_word' id='word_1_398' title='bbox 945 2284 1148 2325; x_wconf 86' lang='lat' dir='ltr'>Krehlius.</span> <span class='ocrx_word' id='word_1_399' title='bbox 1212 2285 1457 2327; x_wconf 89' lang='lat' dir='ltr'>Diomedem</span> <span class='ocrx_word' id='word_1_400' title='bbox 1489 2288 1610 2328; x_wconf 89' lang='lat' dir='ltr'>etiam</span> <span class='ocrx_word' id='word_1_401' title='bbox 1635 2290 1773 2331; x_wconf 91' lang='lat' dir='ltr'>Dousa</span> <span class='ocrx_word' id='word_1_402' title='bbox 1807 2302 1963 2334; x_wconf 89' lang='lat' dir='ltr'>secutus</span> <span class='ocrx_word' id='word_1_403' title='bbox 1997 2305 2067 2337; x_wconf 86' lang='lat' dir='ltr'>est.</span> <span class='ocrx_word' id='word_1_404' title='bbox 2129 2300 2209 2340; x_wconf 88' lang='lat' dir='ltr'>Alii</span> <span class='ocrx_word' id='word_1_405' title='bbox 2240 2304 2350 2355; x_wconf 82' lang='lat' dir='ltr'>apud</span> 
     </span>
     <span class='ocr_line' id='line_1_36' title="bbox 273 2341 2350 2410; baseline 0.005 -22"><span class='ocrx_word' id='word_1_406' title='bbox 273 2346 442 2389; x_wconf 75' lang='lat' dir='ltr'>Porcell.</span> <span class='ocrx_word' id='word_1_407' title='bbox 451 2359 488 2383; x_wconf 82' lang='lat' dir='ltr'>v.</span> <span class='ocrx_word' id='word_1_408' title='bbox 500 2349 725 2396; x_wconf 79' lang='lat' dir='ltr'>expergitus</span> <span class='ocrx_word' id='word_1_409' title='bbox 739 2341 819 2382; x_wconf 88' lang='lat' dir='ltr'>hoc</span> <span class='ocrx_word' id='word_1_410' title='bbox 833 2342 958 2382; x_wconf 88' lang='lat' dir='ltr'>modo</span> <span class='ocrx_word' id='word_1_411' title='bbox 972 2349 1198 2383; x_wconf 85' lang='lat' dir='ltr'>tentarunt:</span> <span class='ocrx_word' id='word_1_412' title='bbox 1225 2360 1305 2385; x_wconf 89' lang='lat' dir='ltr'>cum</span> <span class='ocrx_word' id='word_1_413' title='bbox 1317 2360 1434 2395; x_wconf 80' lang='lat' dir='ltr'>mane,</span> <span class='ocrx_word' id='word_1_414' title='bbox 1454 2351 1659 2400; x_wconf 66' lang='lat' dir='ltr'>expergite,</span> <span class='ocrx_word' id='word_1_415' title='bbox 1673 2353 1802 2390; x_wconf 87' lang='lat' dir='ltr'>clamo.</span> <span class='ocrx_word' id='word_1_416' title='bbox 1829 2351 2055 2405; x_wconf 89' lang='lat' dir='ltr'>Speciosius</span> <span class='ocrx_word' id='word_1_417' title='bbox 2069 2370 2191 2410; x_wconf 89' lang='lat' dir='ltr'>quam</span> <span class='ocrx_word' id='word_1_418' title='bbox 2203 2361 2350 2404; x_wconf 60' lang='lat' dir='ltr'>verius.</span> 
     </span>
    </p>
   </div>
   <div class='ocr_carea' id='block_1_8' title="bbox 276 2445 2351 2765">
    <p class='ocr_par' dir='ltr' id='par_1_10' title="bbox 276 2445 2351 2765">
     <span class='ocr_line' id='line_1_37' title="bbox 353 2445 2349 2537; baseline 0.007 -29"><span class='ocrx_word' id='word_1_419' title='bbox 353 2470 392 2508; x_wconf 85' lang='lat'>8.</span> <span class='ocrx_word' id='word_1_420' title='bbox 456 2466 520 2505; x_wconf 87' lang='lat' dir='ltr'>Sic</span> <span class='ocrx_word' id='word_1_421' title='bbox 543 2445 668 2505; x_wconf 59' lang='lat' dir='ltr'>Merc.</span> <span class='ocrx_word' id='word_1_422' title='bbox 696 2469 717 2505; x_wconf 88' lang='lat'>1</span> <span class='ocrx_word' id='word_1_423' title='bbox 736 2472 792 2506; x_wconf 79' lang='lat' dir='ltr'>.et</span> <span class='ocrx_word' id='word_1_424' title='bbox 816 2466 967 2506; x_wconf 87' lang='lat' dir='ltr'>Dousa.</span> <span class='ocrx_word' id='word_1_425' title='bbox 1001 2482 1072 2506; x_wconf 85' lang='lat' dir='ltr'>non</span> <span class='ocrx_word' id='word_1_426' title='bbox 1098 2483 1264 2520; x_wconf 82' lang='lat' dir='ltr'>purpura</span> <span class='ocrx_word' id='word_1_427' title='bbox 1290 2471 1392 2508; x_wconf 82' lang='lat' dir='ltr'>nulla</span> <span class='ocrx_word' id='word_1_428' title='bbox 1414 2473 1553 2521; x_wconf 73' lang='lat' dir='ltr'>peloris</span> <span class='ocrx_word' id='word_1_429' title='bbox 1591 2471 1711 2512; x_wconf 88' lang='lat' dir='ltr'>Basil.</span> <span class='ocrx_word' id='word_1_430' title='bbox 1737 2472 1863 2520; x_wconf 82' lang='lat' dir='ltr'>Merc.</span> <span class='ocrx_word' id='word_1_431' title='bbox 1896 2479 1939 2526; x_wconf 84' lang='lat'>2,</span> <span class='ocrx_word' id='word_1_432' title='bbox 1976 2478 2085 2520; x_wconf 91' lang='lat' dir='ltr'>unde</span> <span class='ocrx_word' id='word_1_433' title='bbox 2117 2480 2349 2537; x_wconf 79' lang='lat' dir='ltr'>intelligitur</span> 
     </span>
     <span class='ocr_line' id='line_1_38' title="bbox 279 2523 2351 2590; baseline 0.004 -23"><span class='ocrx_word' id='word_1_434' title='bbox 279 2524 527 2567; x_wconf 73' lang='lat' dir='ltr'>mex-cerium</span> <span class='ocrx_word' id='word_1_435' title='bbox 563 2532 722 2576; x_wconf 88' lang='lat' dir='ltr'>putasse</span> <span class='ocrx_word' id='word_1_436' title='bbox 761 2523 860 2564; x_wconf 90' lang='lat' dir='ltr'>duas</span> <span class='ocrx_word' id='word_1_437' title='bbox 899 2525 1130 2578; x_wconf 81' lang='lat' dir='ltr'>negationes</span> <span class='ocrx_word' id='word_1_438' title='bbox 1176 2526 1241 2566; x_wconf 86' lang='lat' dir='ltr'>hic</span> <span class='ocrx_word' id='word_1_439' title='bbox 1279 2527 1426 2580; x_wconf 87' lang='lat' dir='ltr'>positas</span> <span class='ocrx_word' id='word_1_440' title='bbox 1465 2543 1550 2568; x_wconf 90' lang='lat' dir='ltr'>esse</span> <span class='ocrx_word' id='word_1_441' title='bbox 1595 2537 1639 2568; x_wconf 91' lang='lat' dir='ltr'>ut</span> <span class='ocrx_word' id='word_1_442' title='bbox 1677 2531 1951 2573; x_wconf 87' lang='lat' dir='ltr'>vehementius</span> <span class='ocrx_word' id='word_1_443' title='bbox 1988 2547 2191 2590; x_wconf 82' lang='lat' dir='ltr'>negarent.</span> <span class='ocrx_word' id='word_1_444' title='bbox 2267 2542 2351 2583; x_wconf 78' lang='lat' dir='ltr'>Sed</span> 
     </span>
     <span class='ocr_line' id='line_1_39' title="bbox 278 2582 2351 2648; baseline 0.007 -24"><span class='ocrx_word' id='word_1_445' title='bbox 278 2591 455 2629; x_wconf 84' lang='lat' dir='ltr'>ostreae,</span> <span class='ocrx_word' id='word_1_446' title='bbox 480 2594 702 2633; x_wconf 84' lang='lat' dir='ltr'>purpurae,</span> <span class='ocrx_word' id='word_1_447' title='bbox 725 2582 925 2633; x_wconf 87' lang='lat' dir='ltr'>pelorides</span> <span class='ocrx_word' id='word_1_448' title='bbox 949 2583 1023 2622; x_wconf 85' lang='lat' dir='ltr'>tria</span> <span class='ocrx_word' id='word_1_449' title='bbox 1051 2591 1142 2622; x_wconf 90' lang='lat' dir='ltr'>sunt</span> <span class='ocrx_word' id='word_1_450' title='bbox 1168 2584 1320 2623; x_wconf 89' lang='lat' dir='ltr'>diversa</span> <span class='ocrx_word' id='word_1_451' title='bbox 1347 2585 1594 2625; x_wconf 86' lang='lat' dir='ltr'>concharum</span> <span class='ocrx_word' id='word_1_452' title='bbox 1620 2588 1862 2630; x_wconf 90' lang='lat' dir='ltr'>marinarum</span> <span class='ocrx_word' id='word_1_453' title='bbox 1889 2606 2050 2645; x_wconf 85' lang='lat' dir='ltr'>genera,</span> <span class='ocrx_word' id='word_1_454' title='bbox 2076 2597 2187 2648; x_wconf 89' lang='lat' dir='ltr'>quod</span> <span class='ocrx_word' id='word_1_455' title='bbox 2212 2597 2276 2637; x_wconf 90' lang='lat' dir='ltr'>vel</span> <span class='ocrx_word' id='word_1_456' title='bbox 2301 2614 2351 2641; x_wconf 77' lang='lat' dir='ltr'>ex</span> 
     </span>
     <span class='ocr_line' id='line_1_40' title="bbox 276 2638 2350 2707; baseline 0.005 -27"><span class='ocrx_word' id='word_1_457' title='bbox 276 2639 460 2687; x_wconf 83' lang='lat' dir='ltr'>Macrob.</span> <span class='ocrx_word' id='word_1_458' title='bbox 490 2638 573 2677; x_wconf 84' lang='lat' dir='ltr'>sat.</span> <span class='ocrx_word' id='word_1_459' title='bbox 601 2638 661 2683; x_wconf 87' lang='lat'>11,</span> <span class='ocrx_word' id='word_1_460' title='bbox 692 2641 715 2674; x_wconf 84' lang='lat'><strong>9</strong></span> <span class='ocrx_word' id='word_1_461' title='bbox 750 2646 920 2688; x_wconf 86' lang='lat' dir='ltr'>apparet.</span> <span class='ocrx_word' id='word_1_462' title='bbox 986 2641 1047 2677; x_wconf 86' lang='lat' dir='ltr'>lbi</span> <span class='ocrx_word' id='word_1_463' title='bbox 1082 2640 1191 2678; x_wconf 90' lang='lat' dir='ltr'>enim</span> <span class='ocrx_word' id='word_1_464' title='bbox 1223 2641 1273 2679; x_wconf 89' lang='lat' dir='ltr'>de</span> <span class='ocrx_word' id='word_1_465' title='bbox 1306 2656 1429 2682; x_wconf 90' lang='lat' dir='ltr'>coena</span> <span class='ocrx_word' id='word_1_466' title='bbox 1461 2650 1647 2682; x_wconf 84' lang='lat' dir='ltr'>narratur</span> <span class='ocrx_word' id='word_1_467' title='bbox 1678 2659 1799 2699; x_wconf 89' lang='lat' dir='ltr'>quam</span> <span class='ocrx_word' id='word_1_468' title='bbox 1831 2650 2017 2691; x_wconf 89' lang='lat' dir='ltr'>Metellus</span> <span class='ocrx_word' id='word_1_469' title='bbox 2044 2653 2137 2693; x_wconf 77' lang='lat' dir='ltr'>Pius</span> <span class='ocrx_word' id='word_1_470' title='bbox 2169 2656 2350 2707; x_wconf 64' lang='lat' dir='ltr'>pontifex</span> 
     </span>
     <span class='ocr_line' id='line_1_41' title="bbox 282 2693 2350 2765; baseline 0.008 -29"><span class='ocrx_word' id='word_1_471' title='bbox 282 2696 481 2740; x_wconf 81' lang='lat' dir='ltr'>maximus</span> <span class='ocrx_word' id='word_1_472' title='bbox 513 2694 599 2734; x_wconf 89' lang='lat' dir='ltr'>aliis</span> <span class='ocrx_word' id='word_1_473' title='bbox 624 2693 883 2746; x_wconf 81' lang='lat' dir='ltr'>pontificibus</span> <span class='ocrx_word' id='word_1_474' title='bbox 909 2696 1065 2735; x_wconf 82' lang='lat' dir='ltr'>dederit</span> <span class='ocrx_word' id='word_1_475' title='bbox 1096 2698 1219 2735; x_wconf 89' lang='lat' dir='ltr'>ternis</span> <span class='ocrx_word' id='word_1_476' title='bbox 1251 2700 1435 2738; x_wconf 79' lang='lat' dir='ltr'>ferculis:</span> <span class='ocrx_word' id='word_1_477' title='bbox 1489 2714 1665 2752; x_wconf 88' lang='lat' dir='ltr'>quorum</span> <span class='ocrx_word' id='word_1_478' title='bbox 1703 2704 1744 2742; x_wconf 89' lang='lat' dir='ltr'>in</span> <span class='ocrx_word' id='word_1_479' title='bbox 1783 2707 1918 2758; x_wconf 91' lang='lat' dir='ltr'>primo</span> <span class='ocrx_word' id='word_1_480' title='bbox 1950 2709 2133 2750; x_wconf 87' lang='lat' dir='ltr'>videmus</span> <span class='ocrx_word' id='word_1_481' title='bbox 2172 2712 2350 2765; x_wconf 76' lang='lat' dir='ltr'>echinos,</span> 
     </span>
    </p>
   </div>
   <div class='ocr_carea' id='block_1_9' title="bbox 282 2752 2351 2870">
    <p class='ocr_par' dir='ltr' id='par_1_11' title="bbox 282 2752 2351 2870">
     <span class='ocr_line' id='line_1_42' title="bbox 282 2752 2351 2823; baseline 0.009 -30"><span class='ocrx_word' id='word_1_482' title='bbox 282 2763 427 2794; x_wconf 81' lang='lat' dir='ltr'>ostreas</span> <span class='ocrx_word' id='word_1_483' title='bbox 466 2752 627 2799; x_wconf 88' lang='lat' dir='ltr'>crudas,</span> <span class='ocrx_word' id='word_1_484' title='bbox 648 2754 870 2804; x_wconf 74' lang='lat' dir='ltr'>pelorides,</span> <span class='ocrx_word' id='word_1_485' title='bbox 910 2753 1145 2807; x_wconf 71' lang='lat' dir='ltr'>spondylos,</span> <span class='ocrx_word' id='word_1_486' title='bbox 1182 2756 1361 2806; x_wconf 81' lang='lat' dir='ltr'>turdum,</span> <span class='ocrx_word' id='word_1_487' title='bbox 1399 2771 1628 2811; x_wconf 79' lang='lat' dir='ltr'>asparagos,</span> <span class='ocrx_word' id='word_1_488' title='bbox 1670 2759 1711 2799; x_wconf 89' lang='lat' dir='ltr'>in</span> <span class='ocrx_word' id='word_1_489' title='bbox 1749 2764 1929 2805; x_wconf 90' lang='lat' dir='ltr'>secundo</span> <span class='ocrx_word' id='word_1_490' title='bbox 1965 2767 2156 2820; x_wconf 82' lang='lat' dir='ltr'>gallinam</span> <span class='ocrx_word' id='word_1_491' title='bbox 2190 2770 2351 2823; x_wconf 81' lang='lat' dir='ltr'>altilem,</span> 
     </span>
     <span class='ocr_line' id='line_1_43' title="bbox 283 2812 1858 2870; baseline 0.003 -21"><span class='ocrx_word' id='word_1_492' title='bbox 283 2812 461 2863; x_wconf 84' lang='lat' dir='ltr'>patinam</span> <span class='ocrx_word' id='word_1_493' title='bbox 485 2820 715 2857; x_wconf 80' lang='lat' dir='ltr'>ostrearum,</span> <span class='ocrx_word' id='word_1_494' title='bbox 738 2812 948 2860; x_wconf 83' lang='lat' dir='ltr'>peloridum</span> <span class='ocrx_word' id='word_1_495' title='bbox 974 2818 1013 2849; x_wconf 85' lang='lat' dir='ltr'>et</span> <span class='ocrx_word' id='word_1_496' title='bbox 1036 2820 1132 2864; x_wconf 85' lang='lat' dir='ltr'>post</span> <span class='ocrx_word' id='word_1_497' title='bbox 1156 2813 1230 2851; x_wconf 85' lang='lat' dir='ltr'>alia</span> <span class='ocrx_word' id='word_1_498' title='bbox 1254 2817 1378 2855; x_wconf 89' lang='lat' dir='ltr'>multa</span> <span class='ocrx_word' id='word_1_499' title='bbox 1403 2816 1577 2855; x_wconf 84' lang='lat' dir='ltr'>murices</span> <span class='ocrx_word' id='word_1_500' title='bbox 1603 2823 1642 2856; x_wconf 90' lang='lat' dir='ltr'>et</span> <span class='ocrx_word' id='word_1_501' title='bbox 1661 2834 1858 2870; x_wconf 63' lang='lat' dir='ltr'>purpuras,</span> 
     </span>
    </p>
   </div>
  </div>
 </body>
</html>
