2601 3308
258 352 325 406 fi
344 355 577 411 ᾑιαιιιοι
603 353 880 395 Mun·
908 353 1113 406 cognitum
1148 353 1236 395 erit.
1300 354 1816 411 &maibew-aliem.
1842 355 1880 396 1.
1941 355 2335 410 Dm

264 427 409 456 omnes
427 409 519 454 libri
531 428 543 452 ε
571 409 808 451 emendavit
826 412 963 452 nescio
984 413 1090 466 quia,
1115 413 1182 452 <mi>
1198 412 1423 453 nemu-iu·
1441 427 1482 465 p.
1494 417 1570 454 667
1589 421 1719 454 cetera
1740 428 1924 455 assensus
1947 418 2164 464 dm

263 485 352 514 esse
375 467 628 516 exi-fimavit,
654 468 725 508 sed
751 482 846 509 eum
872 470 1015 510 fefellit
1034 469 1141 523 apud
1162 469 1360 508 Lucilium
1385 471 1599 517 degn-amari
1618 473 1774 524 passive
1799 486 1883 512 esse
1907 472 2098 526 positum.
2152 476 2332 528 Vimque

261 534 447 582 W
464 530 524 567 oie·
542 535 587 567 ut
610 530 746 567 omnic
771 528 916 568 Veneta
940 534 983 567 et
1006 527 1062 567 sic
1085 527 1206 567 etiam
1225 526 1405 567 Turneb.
1423 527 1526 567 Adv.
1547 532 1616 575 29,
1642 533 1702 568 19.
1741 532 1952 576 deganan·
1973 536 2029 571 νὺ
2052 547 2090 572 v.
2109 532 2202 573 cod.
2218 530 2330 586 Qud

259 588 448 631 musam
474 590 524 625 et‘
539 584 657 625 Basi-l.
684 584 793 625 unde
814 585 857 624 J.
871 585 1009 625 Dousa
1035 586 1139 633 conj·
1164 587 1416 632 degi-amna»-
1440 594 1482 625 ιιι
1508 601 1539 625 c.
1584 589 1640 625 or's
1663 589 1879 634 degn-aman·
1898 587 2022 628 Mei-e.
2048 593 2084 630 1.
2121 591 2263 632 nom
2283 596 2331 633 d

253 642 438 698 Scaliger
460 644 502 684 in
526 642 630 683 Fest.
656 656 697 696 p.
722 645 811 682 441.
861 643 957 682 Jam
981 642 1115 690 facile,
1141 642 1305 694 opinor,
1330 642 1569 696 perspicitur
1594 643 1662 696 qui
1686 645 1865 685 Venetae
1888 644 2075 686 editionis
2101 647 2330 700 depravati·

256 706 354 746 tiata
378 703 453 742 sit:
489 717 538 745 ex
569 718 616 744 ea
646 716 774 756 porro
806 703 1036 747 degrumabis
1069 710 1111 740 ut
1141 716 1173 739 c.
1198 700 1325 739 Merc.
1350 703 1388 739 2.
1420 701 1461 739 in
1496 714 1578 754 quo
1604 702 1745 741 Dacer.
1777 702 1819 742 in
1845 703 1953 743 Fest.
1979 703 2006 743 l.
2033 704 2073 743 d.
2105 703 2182 743 nisi
2215 712 2259 744 ιε
2284 704 2329 745 in
2409 737 2413 739 .

250 764 321 801 *ati
330 760 454 808 ,nihil
489 760 733 801 mutandum
771 758 1052 800 arbitrabatur.
1101 761 1330 807 demumr&
1368 767 1410 798 ut
1447 762 1488 798 ίιι
1525 775 1558 799 c.
1595 759 1751 799 Merula
1788 774 1854 815 ap.
1889 762 1945 801 D.
1984 768 2027 801 et
2063 762 2253 801 Perottus
2286 759 2329 802 in

257 816 438 860 Comae.
462 832 504 872 Ρ.
530 821 619 858 488.

260 897 266 908 ¹
369 881 524 927 ‘Festus
561 885 604 925 in
634 885 731 926 Exc.
764 886 808 927 P.
841 901 881 940 p.
916 889 992 927 72:
1039 884 1225 926 »Groma
1262 885 1487 939 appellatur
1522 900 1646 940 genus
1684 885 1937 929 machinoIae
1973 887 2196 939 cuiusdam,
2241 901 2327 943 quo

255 943 443 999 regiones
469 943 557 998 'agri
590 945 781 998 cujusque
812 944 998 998 cognosci
1029 950 1216 997 possunt,
1253 943 1363 997 quod
1395 956 1520 997 genus
1554 945 1698 985 Graeci
1731 946 1876 994 maipa-ra
1909 946 2086 987 dicunt«
2147 947 2212 988 Ab
2243 946 2325 989 hoc

257 1003 417 1044 Graeco
430 1002 627 1041 vocabulo
643 1003 828 1041 Latinum
839 1018 969 1049 groma
981 1002 1179 1039 duxerunt
1191 1000 1373 1039 Schelius
1386 1004 1427 1040 in
1442 1003 1585 1054 Hygin.
1607 1006 1661 1049 (v.
1672 1004 1833 1041 Graevii
1847 1004 2327 1056 Thes.Antiq.Rom.X.),

253 1058 477 1106 Mercerius
502 1058 545 1099 in
569 1059 677 1099 Non.
702 1073 742 1113 p.
770 1062 861 1107 667,
898 1055 998 1098 Dae.
1024 1057 1067 1097 in
1093 1057 1198 1097 Fest.
1223 1072 1262 1110 p.
1289 1062 1374 1097 441.
1426 1059 1475 1098 ln
1500 1058 1700 1112 glossariis
1726 1074 1887 1113 quoque
1916 1076 2051 1109 grume
2080 1068 2170 1101 tum
2200 1060 2327 1110 γιᾷμη

252 1112 347 1158 hun
379 1119 534 1162 βουλαὶ
566 1115 673 1163 maipa
707 1117 933 1169 explicatur.
980 1129 1017 1154 v.
1044 1115 1145 1154 Scal.
1178 1114 1220 1153 in
1245 1115 1353 1153 rest.
1379 1115 1405 1153 l.
1432 1116 1470 1153 d.
1497 1116 1579 1155 Sed
1612 1116 1759 1169 ambigi
1785 1124 1934 1169 potest,
1972 1132 2072 1157 num
2104 1118 2147 1158 in
2178 1119 2327 1160 Suidae

252 1174 383 1216 lexico
408 1173 690 1227 corrigendum
717 1174 767 1213 sit
795 1177 911 1220 γνόμι
940 1187 1018 1226 pro
1050 1187 1099 1212 eo
1127 1172 1237 1225 quod
1262 1171 1316 1210 ibi
1343 1172 1399 1211 sic
1424 1172 1616 1225 scriptum
1641 1181 1725 1212 est:
1762 1174 1888 1221 φάμα.
1925 1190 1964 1215 v.
1989 1176 2158 1216 Salmas.
2183 1177 2326 1217 Exere.

250 1230 355 1273 Plin.
380 1243 423 1284 p.
446 1232 534 1272 6¹70.
567 1231 630 1272 ed.
657 1231 778 1271 Paris.
829 1233 869 1272 J.
897 1231 949 1272 G.
976 1229 1208 1271 Schneider.
1236 1229 1331 1268 Lex.
1359 1229 1432 1269 Gr.
1486 1230 1535 1269 C.
1563 1231 1608 1270 L.
1636 1231 1870 1272 Schneider.
1899 1232 1972 1273 Gr.
1999 1234 2084 1272 Lat.
2111 1234 2143 1273 Ι.
2168 1247 2210 1287 Ρ.
2235 1236 2323 1275 318.

253 1291 394 1329 Gmma
417 1288 537 1341 igitur
560 1289 694 1328 verior
718 1290 909 1342 scriptura
934 1287 1092 1325 videtur
1117 1299 1238 1337 quam
1260 1301 1411 1332 gruma,
1443 1286 1536 1324 licet
1561 1288 1743 1340 Hyginus
1769 1288 1861 1326 loco
1887 1289 1989 1328 infra
2017 1291 2215 1343 exscripto
2241 1290 2322 1330 ori·

251 1345 390 1403 ginem
421 1347 505 1397 ejus
538 1360 560 1385 a
598 1346 724 1385 verbo
763 1348 987 1395 congruendi
1019 1342 1191 1382 traxerit.
1255 1343 1311 1381 At
1347 1357 1441 1381 cum
1472 1343 1607 1382 Nonio
1646 1346 1899 1384 consentiunt
1935 1347 2212 1400 glossographi
2251 1348 2322 1401 qui

249 1410 414 1458 temper
430 1418 505 1457 per
524 1418 552 1443 u
571 1403 766 1452 efferunt,
793 1402 902 1456 quod
921 1401 1046 1453 magis
1063 1399 1232 1438 latinum
1251 1413 1335 1438 esse
1354 1399 1546 1438 evincitur
1565 1400 1611 1439 iis
1631 1414 1732 1453 quae
1744 1402 1929 1443 Mueller.
1950 1404 2105 1444 Etruse.
2121 1405 2172 1444 ll.
2193 1419 2234 1457 p.
2244 1407 2327 1447 142·

250 1461 438 1514 exposuit
461 1461 604 1500 collata
630 1461 868 1514 praesertim
892 1471 986 1497 cum
1010 1457 1092 1495 hoc
1116 1456 1307 1493 Prisciani
1332 1455 1564 1493 testimonio
1584 1456 1616 1494 1.
1635 1470 1675 1507 Ρ.
1696 1460 1745 1495 33
1771 1459 1867 1497 Kr.:
1911 1459 1979 1500 »Ο
2007 1462 2161 1514 aliquot
2182 1462 2320 1503 ltaliae

250 1517 429 1560 (ivitates
453 1524 553 1558 teste
573 1518 703 1559 Plinio
723 1531 808 1558 non
832 1515 1054 1565 habebant,
1077 1512 1150 1554 sed
1172 1511 1265 1554 loco
1292 1513 1376 1564 ejus
1392 1512 1601 1568 ponebant
1624 1528 1654 1554 u
1677 1519 1719 1555 et
1735 1514 1909 1556 maxime
1927 1517 2074 1559 Umbri
2095 1525 2137 1560 et
2156 1519 2319 1561 Tusci.-

251 1572 323 1621 Οἱ.
343 1576 533 1628 ¹Mueller.
558 1577 585 1616 l.
612 1576 651 1615 d.
677 1578 708 1615 I.
734 1591 775 1630 p.
801 1579 863 1616 59.

376 1647 495 1686 Hanc
519 1660 704 1699 grumam
730 1648 772 1686 in
797 1653 1019 1686 castrorum
1043 1642 1262 1684 metatione
1286 1644 1519 1697 usurpatam
1553 1658 1640 1684 esse
1665 1642 1847 1698 Hyginus
1872 1654 2035 1687 testatus
2060 1653 2122 1688 est
2144 1646 2208 1688 bis
2232 1661 2323 1689 ver-

248 1705 313 1747 bis
337 1705 380 1755 (a
398 1702 559 1744 Schelio
587 1703 826 1752 emendatis)
851 1717 890 1756 p.
913 1705 1035 1742 1⁰22:
1073 1702 1271 1741 „Introitu
1296 1701 1485 1753 praetorii
1510 1708 1622 1752 parte
1647 1702 1778 1740 media
1804 1709 1894 1740 ante
1921 1703 2027 1741 viam
2052 1703 2319 1756 principalem

244 1773 381 1814 poma
405 1762 582 1808 (gromae
607 1761 674 1798 lib.
694 1762 796 1807 ms.)
820 1760 932 1797 locus
957 1758 1197 1810 appellatur,
1222 1757 1332 1809 quod
1358 1757 1476 1794 turba
1501 1757 1556 1794 ibi
1581 1764 1790 1807 congruat,
1816 1759 1897 1796 sive
1923 1759 1965 1796 in
1990 1759 2203 1799 dictatione
2228 1774 2317 1800 me·

248 1824 384 1864 tarum
417 1816 551 1870 posito
583 1816 625 1856 in
657 1816 803 1857 eodem
833 1816 926 1855 loco
957 1815 1203 1855 ferramento
1236 1827 1378 1865 groma
1418 1820 1728 1866 superponatur,
1766 1822 1811 1853 ut
1841 1822 1982 1867 portae
2020 1824 2241 1857 castrorum
2270 1817 2315 1859 in

216 1886 222 1892 ·
249 1881 470 1930 conspectu
494 1874 637 1926 rigoris
663 1874 819 1912 stellam
844 1873 1036 1920 efficiant,
1074 1878 1118 1910 et
1143 1871 1389 1923 professores
1423 1871 1507 1919 eju·
1539 1869 1633 1909 artis
1666 1884 1781 1909 causa
1806 1885 1927 1924 supra
1953 1873 2100 1928 scripta
2122 1878 2321 1923 gramatice·

248 1930 345 1978 aunt
367 1931 596 1986 appellati.“
644 1931 680 1970 E
715 1946 797 1984 quo
830 1929 1018 1969 castrensi
1047 1945 1200 1976 grumae
1229 1943 1303 1967 usu
1336 1927 1457 1966 altera
1490 1928 1667 1967 manavit
1691 1929 1942 1980 significatio,
1980 1932 2031 1970 de
2059 1933 2318 1984 qua.Noniua

247 1991 388 2048 priore
418 1990 510 2030 loco
543 1995 744 2028 memorat
775 1994 815 2028 et
839 1987 981 2028 Suidas
1013 1998 1050 2025 v.
1075 1984 1190 2033 meipsa
1222 1987 1270 2034 (e
1298 1983 1465 2039 Polybio
1491 1985 1686 2034 sortasse)
1717 1987 1774 2027 sic
1799 1988 1985 2040 exponit:
2036 1988 2165 2034 ὀλίγοι
2188 1990 2318 2042 ἄξονές.

246 2053 305 2089 ἧς
327 2046 534 2098 ηςιιπσγιῖος
557 2048 665 2085 σκηνῆς
687 2046 794 2093 κυςίοι
818 2060 851 2080 τι
876 2044 978 2092 ὅστις
1010 2043 1116 2091 aly-gol
1141 2042 1356 2085 ἆπῖέῖιιιτο,
1396 2039 1412 2076 2
1433 2042 1469 2080 ἳὺ
1494 2041 1609 2086 maipa
1632 2044 1891 2093 πςοσηγοςὶύιτο·
1916 2049 2009 2082 insin
2033 2046 2066 2083 ti
2092 2049 2130 2083 ni
2155 2052 2318 2098 aegsessda

247 2108 309 2146 aa>
339 2105 376 2144 ai
407 2104 562 2150 ἆγγιλίιιι
593 2105 650 2140 ul
683 2101 748 2139 ἕλει
779 2102 919 2150 ἓγίυρπο.
982 2099 1116 2139 Probe
1148 2098 1248 2139 haec
1273 2096 1456 2138 schelius
1487 2111 1527 2151 p.
1555 2102 1654 2140 1067
1678 2100 1906 2142 illustravit:
1955 2102 2103 2144 „Circa
2133 2119 2316 2158 gromam

247 2162 292 2205 h.
317 2178 355 2203 e.
378 2163 421 2202 in
445 2161 651 2216 principiis
682 2166 722 2198 et
754 2160 805 2197 ad
836 2157 1031 2211 principia
1064 2157 1264 2195 dabantur
1292 2168 1366 2207 per
1398 2156 1613 2194 exercitum
1637 2158 1723 2205 jura
1750 2165 1790 2195 et
1814 2159 1999 2210 imperia,
2038 2161 2314 2203 indicebantur

245 2234 439 2269 munera,
460 2218 714 2259 habebantur
739 2214 950 2256 castrensia
974 2212 1137 2263 judicia,
1162 2213 1284 2253 fiebat
1307 2226 1372 2252 res
1399 2211 1549 2261 divina,
1574 2212 1654 2252 huc
1678 2214 1975 2255 convocabatur
1997 2216 2049 2256 ad
2074 2218 2316 2261 concionem

246 2279 458 2326 exercitus,
481 2276 562 2315 huc
586 2275 701 2313 turba
727 2272 933 2313 castrensis
958 2278 1003 2309 ut
1027 2270 1079 2308 ad
1103 2271 1242 2309 forum
1269 2270 1549 2318 conveniebat,
1581 2270 1647 2310 hic
1671 2278 1776 2310 totus
1802 2272 1885 2311 dies
1911 2275 2158 2323 versabatur,
2183 2275 2316 2323 donec

243 2335 441 2393 principia
466 2333 798 2375 dimittet-eman«
822 2332 882 2371 Ita
908 2329 1056 2369 factum
1082 2341 1166 2368 esse
1192 2328 1369 2377 videtur,
1393 2335 1437 2368 ut
1457 2342 1620 2383 grumae
1640 2329 1727 2370 loca
1751 2329 1883 2370 media
1909 2331 2218 2386 appellarentur.
2244 2336 2317 2376 At-

247 2402 329 2450 que
352 2394 463 2432 idem
489 2391 693 2437 schelius,
731 2390 794 2428 cui
820 2388 908 2427 usui
933 2400 1073 2439 gruma
1103 2386 1268 2438 proprie
1295 2386 1435 2425 fuisset
1459 2387 1670 2435 destinata,
1707 2402 1747 2440 p.
1774 2392 1871 2428 1068
1910 2390 2159 2437 (distinctius
2184 2392 2313 2431 multo

248 2464 374 2506 quam
399 2449 565 2490 Salmas.
591 2448 618 2487 l.
644 2461 698 2486 m.
726 2454 776 2487 et.
802 2462 843 2500 p.
868 2442 969 2493 819)
1007 2444 1049 2482 in
1081 2457 1171 2482 eam
1203 2442 1403 2482 rationem
1429 2444 1599 2495 speruit,
1637 2451 1682 2483 ut
1719 2445 1869 2485 diceret
1892 2447 2073 2499 primum
2105 2447 2149 2488 in
2173 2456 2314 2488 castra·

248 2508 467 2551 metatione
496 2504 626 2559 posita
655 2517 796 2556 groma
827 2503 909 2541 vias
943 2500 994 2540 ad
1024 2500 1171 2539 lineam
1202 2507 1468 2549 mensuratas,
1505 2500 1649 2541 deinde
1674 2503 1823 2556 pertica
1849 2504 2044 2559 cujusque
2068 2505 2312 2559 pedaturam,

248 2568 501 2619 eandemque
532 2576 716 2616 gromam
748 2562 790 2600 in
820 2568 991 2600 tetrante
1022 2559 1141 2597 fixam
1175 2565 1365 2611 quattuor
1402 2565 1623 2598 castrorum
1648 2568 1785 2613 portas
1811 2563 2055 2603 ostendisse:
2091 2564 2213 2601 fuisse
2239 2562 2313 2603 ita-

249 2638 333 2679 que
363 2623 541 2677 signum,
576 2628 617 2660 at
646 2620 841 2673 perticam
871 2630 1100 2659 mensuram
1134 2622 1235 2669 quae
1267 2631 1290 2656 a
1323 2630 1463 2668 groma
1494 2617 1740 2669 dirigeretur.
1818 2621 1909 2660 Huc
1941 2626 2116 2671 spectant
2141 2619 2311 2661 Glossae

250 2695 358 2736 quae
380 2687 495 2720 sunt:
536 2693 669 2727 grume
693 2676 797 2726 S'aergae
821 2677 980 2715 uxr-vomi
1008 2675 1071 2714 v'el
1095 2674 1228 2723 δία-τῃ
1253 2675 1354 2713 ι”τῦν
1377 2675 1503 2723 μέτρω.
1554 2675 1712 2714 Verum
1737 2682 1873 2716 tamen
1896 2677 1995 2714 sicut
2015 2676 2101 2727 ipse
2126 2675 2311 2717 Scheliua

248 2737 476 2780 observavit
500 2736 711 2777 discrimen
736 2733 834 2774 illud
860 2748 882 2773 a
909 2732 1164 2787 scriptoribus
1189 2746 1273 2771 non
1299 2746 1456 2783 semper
1479 2733 1625 2782 teneri,
1656 2733 1708 2773 ita
1735 2733 1938 2787 probabile
1963 2740 2022 2772 est
2046 2733 2167 2773 etiam
2193 2733 2313 2776 Luci-

248 2794 369 2844 lium,
406 2810 533 2850 quum
557 2796 726 2848 fingeret
751 2796 992 2841 dcet-arnandi
1012 2791 1181 2831 verbum
1206 2790 1407 2839 (imitatus
1432 2791 1635 2831 videretur
1656 2792 1838 2830 Horatius
1864 2790 1932 2828 illo
1958 2790 2069 2843 quod
2095 2798 2158 2832 est
2181 2794 2315 2835 dms·-

248 2865 375 2902 m,
392 2853 469 2893 nini
486 2854 531 2894 in
548 2852 630 2893 boc
647 2849 892 2906 praepositio
910 2849 1082 2890 haberet
1096 2848 1343 2891 intellectum
1359 2849 1521 2901 alium),
1544 2862 1595 2888 eo
1608 2855 1817 2899 utrumque
1835 2844 1916 2886 boc
1933 2848 2316 2902 comprehendunt
