2601 3308
228 402 233 404 .
303 336 313 344 '
339 332 392 378 ⁶:
441 328 619 380 Nonius
641 330 720 383 lv,
753 336 856 376 428.
886 343 929 393 p.
958 335 1076 375 δεδι
1107 325 1302 374 Sumere
1328 327 1461 375 etiam
1492 325 1708 392 significat
1737 325 1913 394 eligere.
1973 327 2166 380 Lucilius
2193 331 2287 381 m'z

878 428 926 467 et
952 420 1163 481 spadum
1191 419 1408 467 curando
1439 436 1625 490 cyr-pore
1654 421 1901 470 honestum

561 495 820 543 Sumemus.

276 580 470 631 Consilio
508 591 583 629 aut
622 577 942 646 exspectatione
987 576 1143 641 quietis
1182 594 1234 625 ac
1274 578 1519 627 resectionis
1563 579 1689 643 erigit
1730 579 1992 644 suscitatque
2035 600 2081 630 se
2122 594 2166 632 et
2203 585 2341 635 eomi-

271 655 363 689 tem
396 644 451 689 de
482 645 548 691 via
581 645 849 705 languentes.
924 661 946 681 »
964 644 1017 685 In
1048 640 1192 684 littore
1225 641 1340 684 :icto
1372 659 1560 709 corpora
1592 659 1818 698 curamus,
1857 643 1995 691 sessos
2027 661 2163 710 sopor
2190 646 2342 712 irrigat

273 713 446 753 artus«
511 706 633 767 Virg.
664 707 773 750 Aen.
801 706 884 757 111,
918 713 1021 751 ⁵11.
1056 703 1109 751 ct:
1143 706 1266 760 Vm,
1299 713 1403 751 607.

329 850 373 895 6.
438 845 660 895 Charisius
690 850 729 902 1,
760 863 803 910 p.
837 855 908 895 5⁵,

1155 970 1157 972 q
1192 906 1381 953 student
1409 907 1464 952 hi
1490 910 1624 967 ligna
1656 910 1812 955 oislere.

268 992 403 1045 Pueri
427 988 543 1056 ligna
571 1003 614 1038 et
640 1002 856 1039 sarmenta
884 991 1150 1054 conquirunt
1178 992 1336 1053 quibus
1358 993 1507 1054 ignem
1536 993 1775 1053 subjiciant.
1839 996 1968 1052 Quae
1988 1005 2138 1043 ‘tamen
2162 995 2337 1047 difficile

269 1055 451 1120 reperiri
481 1053 708 1103 videntur:
755 1054 874 1100 unde
907 1053 1114 1117 suspicari
1150 1052 1250 1098 licet
1280 1065 1480 1116 poetam,
1529 1054 1611 1101 nisi
1642 1054 1723 1101 sub
1757 1053 1858 1101 divo
1892 1055 2048 1103 alicubi
2079 1072 2339 1121 pernoctare

268 1128 443 1164 coactus
489 1128 572 1170 est,
629 1117 867 1161 diversorio
915 1115 1036 1160 haud
1080 1115 1315 1177 magnifico
1363 1128 1589 1187 acceptum
1635 1135 1740 1162 esse.
1836 1117 1902 1162 Cf.
1935 1119 2024 1165 Cic.
2055 1123 2143 1167 Att.
2176 1125 2231 1179 V,
2266 1133 2337 1173 16.

268 1178 449 1227 Accedit
481 1177 598 1245 quod
630 1177 822 1225 Lucilius
854 1176 975 1224 haud
1005 1176 1137 1223 dubie
1169 1187 1348 1240 sumptu
1378 1189 1548 1241 privato
1580 1178 1881 1242 peregrinatus
1915 1190 1992 1227 est.

329 1316 369 1369 7.
431 1319 634 1378 Diomed.
665 1324 706 1375 1,
736 1337 781 1383 p.
814 1329 919 1368 372.
981 1318 1117 1366 Prisc.
1142 1335 1191 1383 p.
1220 1328 1313 1367 888
1347 1322 1398 1365 P.
1430 1323 1490 1374 X,
1525 1330 1572 1375 4,
1599 1324 1639 1376 1,
1672 1337 1717 1383 p.
1751 1328 1839 1368 488
1871 1324 1951 1370 Kr.

1774 1422 1878 1467 ergo

552 1481 606 1527 E
629 1496 796 1525 somno
823 1495 991 1540 pueros
1019 1493 1170 1541 quum
1198 1493 1344 1523 mane
1375 1478 1624 1538 expet-gild
1657 1480 1839 1537 clamo..

326 1626 368 1672 8.
431 1626 549 1678 Non.
579 1626 659 1678 111,
695 1633 803 1676 152,
833 1640 876 1684 p.
907 1631 1014 1669 216.

557 1707 723 1754 Ostrea
754 1708 888 1751 nulla
905 1706 1032 1766 suit.
1080 1721 1178 1751 non
1204 1721 1432 1765 purpura.
1483 1705 1618 1748 nulla
1645 1705 1823 1763 peloris.

324 1853 370 1898 9.
428 1848 598 1896 Charis.
628 1852 673 1903 1,
705 1865 747 1910 p.
784 1857 855 1895 55-

546 1934 795 1995 Asparagi
820 1933 950 1979 nulli.

266 2020 434 2071 Ostreis
464 2018 610 2084 palma
641 2030 891 2063 mensarum
925 2016 1104 2061 divitum
1135 2013 1468 2060 attribuebatur.
1537 2033 1577 2061 v.
1610 2015 1746 2062 Lucil.
1777 2018 1829 2062 fr.
1861 2020 1980 2075 xm,
2009 2029 2053 2068 ’3.
2124 2022 2222 2071 Nee
2252 2025 2332 2072 mi·

262 2085 383 2132 noris
419 2082 547 2147 pretii
583 2097 804 2144 purpurae
843 2089 886 2123 et
924 2075 1155 2141 pelorides.
1248 2074 1336 2123 Sed
1375 2076 1486 2122 haec
1522 2077 1676 2123 cenula
1714 2079 1770 2124 ab
1803 2080 1961 2127 usitato
1999 2096 2210 2154 apparatu
2241 2097 2328 2142 tam

263 2146 394 2208 longe
426 2142 610 2196 recedit,
641 2153 690 2186 ut
721 2159 777 2186 ne
811 2140 1028 2201 asparagis
1062 2137 1239 2199 quidem
1270 2155 1422 2183 mensa
1454 2139 1659 2184 instructa
1694 2140 1758 2184 sit.
1811 2145 1981 2187 Auctor
2005 2145 2170 2189 leius
2188 2149 2247 2193 N.
2269 2151 2325 2193 Η.

262 2212 388 2264 XIX,
422 2217 478 2253 42
514 2215 556 2249 et
586 2207 689 2257 XX,
723 2212 778 2248 42
824 2218 1056 2263 asparagos
1093 2198 1366 2245 utilissimum
1405 2201 1631 2247 stomacho
1664 2200 1810 2249 cibum
1840 2201 2025 2249 traditor
2059 2204 2200 2267 iisque
2231 2224 2330 2254 om.

263 2270 386 2318 nium
416 2264 742 2316 hortensiorum
771 2263 902 2310 fuisse
932 2259 1213 2308 lautissimam
1245 2277 1409 2308 curam,

326 2412 398 2457 1⁰.
458 2408 666 2455 Priscian.
698 2424 742 2468 p.
776 2415 879 2452 684.
911 2407 962 2448 P.
995 2406 1076 2457 VI,
1108 2412 1148 2448 3.
1176 2405 1212 2447 1.
1243 2420 1288 2464 p.
1322 2412 1412 2450 230
1443 2408 1522 2451 ΚΥ.

550 2493 787 2554 Caupona
819 2491 896 2536 hic
924 2498 1086 2535 tamen
1116 2505 1218 2535 una
1248 2489 1383 2551 Syra.

264 2587 389 2648 cupa
419 2579 589 2646 Syrisca
626 2579 671 2624 in
709 2577 900 2624 carmine
938 2574 1060 2639 quod
1089 2574 1259 2639 Virgilii
1298 2593 1393 2622 esse
1430 2575 1568 2622 fertur
1599 2576 1860 2624 crotalistria
1900 2589 1985 2634 est,
2033 2580 2187 2625 saltans
2219 2592 2322 2629 ante

262 2646 511 2698 tabernam,
569 2659 700 2706 quam
741 2639 841 2702 quia
879 2656 970 2684 non
1009 2636 1143 2684 modo
1185 2638 1341 2700 Graja
1371 2639 1588 2684 redimita
1618 2640 1815 2693 mitella,
1870 2639 1945 2684 sed
1979 2638 2106 2686 ebria
2142 2658 2322 2714 quoque

264 2707 421 2754 dicitur
464 2715 580 2751 recte
621 2695 811 2764 Scalige'r
856 2699 1070 2746 aniculam
1113 2699 1318 2745 habuisse
1358 2700 1542 2747 videtur.
1637 2702 1795 2749 Invitat
1830 2711 1972 2745 autem
2011 2698 2091 2747 ista
2131 2715 2325 2755 materen

261 2778 535 2815 transeuntes
575 2765 631 2812 ad
672 2761 986 2810 devertendum
1026 2763 1094 2820 (v.
1123 2760 1343 2809 Wernsd.
1376 2762 1422 2807 in
1453 2780 1494 2810 v.
1525 2761 1580 2820 5)
1617 2762 1686 2808 his
1724 2760 1903 2807 maxime
1941 2760 2112 2810 verbis:
2181 2769 2325 2816 »Rue

265 2829 460 2893 calybita
489 2827 616 2876 veni:
647 2827 784 2873 sessus
815 2824 903 2885 jam
936 2822 1064 2870 sudat
1094 2822 1263 2870 asellus.
1312 2826 1452 2870 Parce
1483 2823 1568 2869 illi:
1599 2827 1753 2869 Vestae
1785 2820 1986 2867 delicium
2018 2834 2086 2870 est
2116 2826 2276 2875 asinus.
2293 2845 2317 2867 ⁸
