2601 3308
277 364 444 410 Ludii.
466 358 808 417 Virgilii-,Rutilii
844 355 962 407 (Ιώ.
988 358 1168 406 Isim>
1216 358 1273 400 Et
1301 358 1458 411 primus
1486 357 2079 414 qddmunnnsmqnmvb
2199 350 2229 366 “’
2364 394 2367 396 ,
2401 381 2407 387 -

249 440 256 442 -
277 423 465 473 unqu-m
479 416 568 461 -aibi
593 422 794 470 superstes
818 413 906 469 ipse
922 414 1131 469 'loquiturz
1175 415 1529 469 Virgiliuswsutem
1551 424 1648 457 nonv
1662 415 1796 456 solum
1821 413 2014 471 eoaqu‘od
2039 414 2313 457 ΜΨ

277 477 373 518 dere
396 475 495 515 dixit
517 474 628 514 vocis
654 473 893 513 sententiam
918 473 1083 526 planam
1109 473 1223 522 fecit,
1249 473 1319 514 sed
1346 473 1520 513 maxime
1546 473 1723 513 decrevit
1747 486 1838 513 eam
1863 474 1984 523 (licet
2005 472 2114 513 baud
2133 471 2256 514 dubia
2280 470 2358 522 ait)

276 547 338 572 vv.
369 536 446 574 450
476 540 519 573 et
548 535 613 572 630
676 532 726 571 In
758 530 896 570 Rutilii
930 530 1105 584 denique
1138 532 1273 571 locum
1307 532 1430 572 Nonii
1462 532 1750 572 enodationem
1784 531 1897 572 nullo
1934 531 2062 571 modo
2094 530 2238 571 cadere
2270 528 2358 582 ipos

273 589 587 631 Werhsdorfius
612 588 731 637 vidit,
755 588 822 642 qui
848 588 1038 642 deceptus
1063 590 1115 629 ab
1141 590 1211 630 illo
1236 591 1463 631 stricturam
1487 589 1565 630 dici
1591 588 1795 630 officinam
1820 588 2027 639 ferrariam
2051 587 2229 642 putabat.
2263 576 2360 631 *Pei

253 655 337 690 -est
370 648 525 690 mirum
558 646 771 688 credidisse
805 646 942 686 Nonio
978 656 1018 687 et
1050 649 1243 688 Vossium
1276 648 1454 703 Etymol.
1488 656 1528 687 et
1562 648 1790 688 Gesnerum
1821 647 1941 687 Thes.
1975 653 2016 686 et
2047 645 2218 694 Porcell.
2249 644 2359 693 Lex„

274 719 408 749 unum
431 706 606 747 Pax-eum
631 705 725 744 Lex.
752 702 854 743 Crit.
879 718 920 757 p.
945 708 1044 746 1185
1070 720 1156 746 esse
1183 706 1371 746 diffisum.
1424 706 1510 745 Stat
1531 705 1695 759 quidem
1722 706 1773 745 ab
1799 705 1868 746 illo
1894 710 2033 748 auctor
2050 702 2212 756 >glossae
2237 714 2357 757 supra

277 763 443 813 unitae,
462 764 464 768 ⁸
480 765 589 812 cujus
620 762 743 801 altera
775 773 868 813 pars
894 770 976 801 est:
1035 758 1055 805 *a*
1074 767 1110 802 va
1130 765 1196 802 aiu-3
1217 767 1275 804 τοῦ
1295 764 1413 815 teng-v
1432 764 1570 811 πίπτοι,
1597 761 1700 814 ἕως
1720 765 1908 813 σωθήσει
1956 760 2029 802 sed
2052 757 2154 800 haec
2176 760 2278 810 jam,
2313 765 2360 805 ut
2433 797 2436 802 ,

278 835 358 877 par
380 821 456 872 est,
478 818 731 862 numeranda
755 818 870 860 nullo
894 819 1002 862 loco.
2307 851 2311 856 .

303 988 305 991 .
354 960 420 999 81.
481 958 623 998 Dousa
653 958 844 996 vitiosum
877 964 988 997 ratus
1021 964 1082 997 est
1105 957 1372 997 accusativum
1397 957 1507 998 hunc
1522 958 1734 1008 fabricam,
1772 955 1844 995 sed
1869 970 1907 994 v.
1933 968 2038 1010 quae
2063 955 2147 995 Ob.
2174 952 2360 994 Gifaniua

278 1016 323 1057 in
351 1015 512 1056 Lucret.
540 1015 771 1060 Collect.‚v.
802 1016 845 1055 in
876 1016 1144 1055 etrVechner.
1176 1017 1334 1055 Hellen.
1365 1031 1405 1068 p.
1432 1021 1507 1056 259
1540 1017 1603 1055 ed.
1636 1018 1757 1053 Heus.
1789 1021 2036 1053 acervarunt.
2112 1014 2201 1052 Nec
2231 1012 2360 1063 magia

280 1079 467 1116 accurate
503 1073 626 1113 tradit
663 1073 842 1113 Isidorus
881 1074 1107 1114 marculum
1147 1087 1233 1114 esse
1265 1073 1459 1113 malleum
1491 1073 1704 1126 pusillum:
1756 1071 1807 1112 ad
1842 1070 2024 1111 vocabuli
2057 1070 2236 1110 formam
2268 1067 2361 1109 satia

280 1139 411 1180 recte,
434 1131 506 1171 sed
531 1145 616 1170 non
641 1145 928 1185 usquequaque
947 1131 1232 1170 convenienter
1249 1145 1340 1170 cum
1362 1145 1438 1169 usu
1458 1131 1656 1169 sermonis
1676 1130 1820 1169 Latini.
1863 1128 2110 1182 Nentiquam
2135 1127 2245 1166 enim
2267 1126 2361 1166 lieet

282 1203 456 1244 parvum
480 1189 673 1230 malleum
699 1188 862 1242 intelligi
888 1190 994 1243 apud
1021 1190 1195 1229 Plinium
1208 1190 1308 1236 Vll,
1333 1193 1399 1236 56,
1425 1193 1497 1228 57:
1540 1191 1699 1237 Tegulas
1724 1192 1858 1229 ιἰιοεπίι
1878 1182 2035 1238 Cibyra,
2058 1190 2146 1227 itan
2160 1185 2359 1237 for-capon,

282 1251 503 1297 aar-culum,
536 1257 691 1293 neclan,
720 1250 909 1292 academ,
939 1261 1016 1286 nec
1036 1247 1150 1297 apud
1175 1247 1402 1284 Martialem
1426 1247 1524 1293 XII,
1549 1250 1617 1293 57,
1641 1249 1695 1285 δι

980 1330 1107 1367 negant
1134 1328 1241 1359 vitm

645 1375 890 1418 Ludius-gistri
914 1385 1034 1417 mane,
1065 1381 1166 1408 nocte
1194 1377 1361 1420 pistores,

644 1428 870 1460 Aerariorum
897 1425 1039 1457 marculi
1065 1426 1120 1458 die
1148 1430 1235 1459 toto.

280 1503 336 1544 ln
359 1500 487 1542 altero
511 1513 631 1540 versu
654 1499 694 1538 J.
713 1498 855 1538 Dousa
881 1497 1108 1550 requisivit:
1146 1496 1325 1535 Kenaion-m
1348 1497 1412 1537 vel
1443 1500 1699 1538 Vale-anorum.
1748 1497 1938 1550 Quorum
1962 1498 2061 1538 illud
2085 1495 2358 1552 probabilius:

283 1560 439 1614 quippe
455 1560 647 1608 fabricam
662 1556 834 1605 ferream
859 1558 1025 1594 ιἰινειιενε
1052 1558 1244 1606 Cyclopes,
1270 1562 1310 1595 et
1335 1556 1643 1596 commendatur
1667 1556 1831 1610 insuper
1856 1570 1904 1596 eo
1932 1556 2042 1610 quod
2068 1556 2222 1596 Graeca
2246 1567 2361 1609 prae·

283 1615 408 1656 terire
438 1615 600 1665 vulgare
632 1613 888 1652 librariorum
921 1613 1061 1651 vitium
1095 1614 1182 1652 fuit.
1258 1614 1314 1653 At
1345 1614 1527 1667 propius,
1565 1613 1639 1653 nisi
1673 1614 1769 1667 quid
1803 1629 1871 1653 me
1903 1615 2022 1662 fallit,
2066 1614 2117 1653 ad
2151 1613 2360 1652 veritatem

280 1670 437 1713 aceedit
466 1670 695 1717 conjectura
722 1668 933 1719 Scaligeri:
985 1673 1232 1709 tuditanu'um.
1311 1670 1402 1721 Qua
1436 1671 1605 1710 similior
1639 1671 1787 1709 exsistit
1812 1671 1980 1710 imitatio
2008 1670 2147 1710 Lucilii
2172 1668 2358 1709 Junioris

278 1729 418 1767 mssa.
469 1725 641 1779 Recepit
665 1738 755 1764 eam
782 1725 919 1764 Dousa
946 1740 1022 1765 nec
1048 1726 1286 1779 sprevissem
1314 1741 1407 1780 ego,
1432 1728 1506 1767 nisi
1533 1742 1554 1768 a
1581 1734 1714 1766 metro
1741 1727 1909 1767 haberet
1933 1728 2082 1782 aliquid
2108 1727 2356 1769 offensionis.

278 1774 335 1828 V.
358 1792 498 1826 tamen
524 1783 576 1824 de
601 1783 719 1823 simili
744 1783 901 1823 licentia
925 1784 1050 1836 ipsius
1075 1784 1218 1823 Lucilii
1244 1784 1507 1824 disserentem
1532 1785 1825 1825 Schneiderum
1850 1787 1921 1826 Gr.
1948 1788 2033 1825 Lat.
2059 1788 2091 1825 1.
2117 1801 2157 1840 p.
2185 1791 2271 1826 156.

356 1921 422 1959 38.
485 1919 524 1956 S.
550 1926 588 1957 et
612 1926 680 1957 ειν.
707 1920 772 1957 ubi
793 1926 909 1970 atque
934 1926 1041 1957 erunt
1047 1946 1062 1966 ‚
1100 1920 1186 1958 dum
1210 1921 1342 1958 sibilus
1367 1919 1508 1957 institis
1546 1917 1639 1958 Bas.
1665 1917 1789 1959 Merc.
1818 1921 1852 1959 l.
1891 1918 2043 1960 Dousa.
2095 1920 2161 1960 ubi
2182 1932 2283 1971 aqua
2315 1917 2358 1959 in

282 1977 382 2016 Var-
409 1977 540 2014 Lecct.
567 1977 691 2014 Merc.
719 1981 754 2014 1.
804 1977 1077 2013 Emendatum
1104 1977 1213 2014 hunc
1237 1990 1399 2014 versum
1432 1976 1543 2013 dedit
1568 1977 1725 2027 Lipsius
1753 1977 1879 2027 Epist.
1907 1984 2056 2027 quaest.
2083 1978 2163 2022 111,
2189 1982 2249 2014 15.
2287 1977 2359 2014 ubi

279 2031 417 2074 addit:
454 2031 547 2074 »vel
571 2034 701 2072 sibilus
728 2033 832 2083 infit,
853 2045 990 2070 ¹versu
1014 2031 1207 2070 heroico:
1251 2046 1345 2071 cum
1371 2046 1461 2071 saxa
1489 2033 1707 2086 quiessent,
1745 2033 1879 2073 sibilus
1906 2033 2122 2072 exoriturss‘
2172 2032 2358 2073 Priorem

278 2090 389 2130 hanc
415 2090 708 2129 emendationis
732 2096 889 2140 partem
920 2091 986 2126 ubi
1013 2092 1228 2140 acquicrunt
1262 2088 1538 2126 confirmatam
1564 2089 1759 2127 habemus
1791 2090 1832 2127 in
1857 2090 1983 2128 Merc.
2009 2093 2051 2137 2,
2090 2103 2211 2144 quare
2237 2090 2357 2130 etiam

279 2147 332 2188 de
345 2147 509 2187 alterius
530 2147 697 2185 veritate
722 2161 805 2185 non
826 2146 1030 2185 dubitem:
1070 2147 1112 2185 in
1139 2160 1216 2198 qua
1243 2149 1360 2184 instat
1386 2152 1430 2183 ut
1454 2154 1637 2185 monstro
1658 2146 1720 2185 isti
1741 2146 1905 2186 similius
1922 2149 2104 2200 praetuli.
2157 2147 2356 2189 Conferre

277 2212 417 2247 tamen
440 2204 594 2256 juvabit
620 2204 731 2258 Virg.
757 2206 858 2243 Aen.
887 2203 967 2251 Vl,
995 2206 1094 2243 1⁰2:
1149 2206 1197 2243 Ut
1221 2207 1375 2255 primum
1402 2207 1511 2243 cessit
1533 2204 1650 2254 furor
1683 2214 1720 2244 et
1746 2208 1878 2245 rabida
1903 2222 1972 2246 ora
2003 2211 2192 2260 quierunt,
2229 2198 2379 2260 bwzpz't'

277 2266 439 2304 Aeneas.
504 2264 790 2316 Suspicabatur
815 2262 973 2314 Lipsius
1006 2262 1129 2301 verba
1157 2262 1295 2300 Lucilii
1329 2262 1380 2301 de
1410 2263 1549 2316 populi
1575 2263 1758 2302 theatrali
1783 2265 1956 2303 tumultu
1982 2273 2050 2305 aut
2075 2266 2269 2305 seditione
2293 2267 2357 2306 fo·

279 2321 386 2363 rensi
418 2321 611 2375 capienda
645 2336 741 2360 esse.
809 2319 888 2360 Cui
923 2319 1103 2372 opinioni
1138 2320 1285 2367 obstat,
1330 2320 1438 2373 quod
1472 2335 1563 2360 saxa
1597 2329 1637 2360 et
1668 2321 1879 2361 stridorem
1910 2323 2046 2362 sibilus
2077 2338 2163 2363 esse
2196 2331 2355 2365 secutus

280 2379 539 2433 perhibetur:
578 2393 700 2431 quem
727 2379 914 2417 ordinem
941 2385 981 2416 et
1006 2378 1063 2416 rei
1090 2378 1163 2431 ipsi
1190 2379 1436 2417 contrarium
1462 2378 1565 2417 duco
1592 2394 1723 2433 neque
1750 2380 1831 2419 ullo
1857 2388 2037 2420 veterum
2062 2382 2169 2430 loco,
2201 2382 2243 2422 in
2270 2396 2354 2437 quo

280 2434 335 2475 de
360 2434 599 2487 lapidatione
613 2436 807 2475 'theatrali
832 2436 985 2475 mentio
1018 2435 1079 2482 fit,
1118 2436 1221 2475 effici
1254 2436 1385 2476 video.
1446 2434 1514 2476 Cf.
1540 2438 1587 2477 F.
1614 2439 1661 2477 B.
1687 2439 1845 2478 Ferrar.
1872 2439 1922 2479 de
1948 2441 2040 2479 Vet.
2064 2440 2286 2480 Acclamm.
2312 2446 2354 2479 et

281 2491 432 2533 Plausu
457 2493 515 2539 11,
538 2496 599 2531 24.
637 2495 716 2542 111,
740 2498 802 2534 24.
853 2495 987 2546 lntpp.
1014 2494 1175 2533 Petron.
1203 2507 1235 2532 c.
1262 2497 1324 2534 90.

353 2619 418 2657 ³9.
479 2617 660 2655 Lucet-mk
687 2616 843 2655 Putsch.
894 2618 984 2658 Hoc
1009 2631 1129 2658 versu
1153 2617 1200 2657 iis
1226 2631 1327 2672 quae
1352 2618 1512 2673 Lipsius
1537 2619 1664 2661 Elect.
1678 2620 1716 2670 1,
1740 2624 1765 2662 3
1790 2620 1973 2676 exposuit
1995 2636 2151 2663 novum
2175 2628 2216 2663 et
2238 2621 2349 2664 lucu-

280 2674 435 2716 lentum
460 2674 613 2716 accedit
636 2673 924 2715 testimonium.

356 2803 417 2841 40.
478 2800 621 2841 Dousa
645 2798 746 2841 haec
769 2799 907 2854 posuit
932 2798 975 2840 in
999 2799 1104 2841 libro
1131 2806 1289 2855 quai-10,
1320 2816 1444 2858 quem
1467 2816 1684 2848 numerum
1708 2805 1752 2847 in
1775 2819 1855 2848 una
1880 2807 2028 2849 Venet.
2052 2805 2223 2861 reperio.
