2601 3308
1254 128 1315 173 14

965 415 1621 497 ANNQTATIONES.

327 568 366 609 1.
429 568 554 623 Apud
580 570 815 622 interpretes
847 569 956 617 illos,
995 584 1170 622 quorum
1202 569 1391 622 reliquiae
1423 569 1465 607 in
1492 568 1619 607 Servii
1654 567 1828 609 editione
1853 581 1877 608 a
1902 567 2028 608 Lione
2054 573 2188 610 curata
2210 581 2327 623 repe-

244 626 348 666 titae
374 634 485 673 sunt,
523 627 600 665 vol.
629 628 688 671 11,
715 640 754 677 p.
781 629 858 664 312
884 627 940 665 sic
967 635 1117 666 exstat:
1168 629 1340 666 Fundam
1373 635 1487 676 atque
1522 628 1690 665 auditam
1723 630 1797 666 iter
1829 630 1877 666 ab
1912 631 1985 666 ιῖηια
1998 630 2136 679 fl....
2201 625 2329 678 Quod

254 681 337 727 hoc
361 683 487 724 modo
512 682 663 724 restitui
689 689 847 736 potest:

871 761 911 798 F
909 761 1045 798 andum
1075 768 1190 811 atque
1218 760 1383 797 auditum
1415 760 1488 795 iter
1518 759 1589 795 imo

615 817 676 853 Ab
698 819 817 865 fluvio

248 886 304 929 ‘In
339 885 541 941 principio
580 887 883 937 collocavimus,
935 889 1027 942 quia
1061 888 1241 942 apposita
1287 901 1390 941 quae
1422 893 1514 928 sunt
1541 885 1706 938 fandum
1737 891 1779 928 et
1810 889 1977 928 auditum
2012 886 2065 929 ad
2094 892 2228 930 totum
2257 886 2332 932 iter

252 946 459 1000 pertinere
484 945 690 994 videntur,
728 961 815 986 non
841 947 892 986 ad
917 948 1093 1001 aliquam
1119 948 1202 997 ejus
1227 953 1396 999 partem.

333 1069 373 1110 2.
437 1072 643 1110 Manticam
677 1078 975 1110 commentator
1007 1069 1132 1124 Cruq.
1166 1071 1287 1109 docet
1322 1083 1407 1109 esse
1439 1082 1579 1122 peram
1618 1068 1700 1108 sive
1732 1074 1929 1116 avertam,
1973 1067 2092 1121 vulgo
2123 1067 2335 1111 bissaciam

255 1126 338 1176 (ita
363 1139 440 1179 pro
467 1131 624 1167 bak-tacta
656 1130 872 1180 legendum
906 1130 1098 1174 arbitror,
1138 1128 1246 1179 quod
1276 1128 1381 1165 Italis
1409 1134 1467 1164 est
1499 1126 1685 1172 bisaccia,
1725 1126 1835 1177 quasi
1868 1126 1930 1165 bis
1956 1140 2109 1174 saccus,
2146 1125 2336 1179 Hispanis

253 1183 410 1233 bizas,
434 1185 704 1238 Francogallis
715 1187 887 1234 besace).
911 1189 1089 1224 Sarcinas
1103 1188 1150 1223 ab
1165 1194 1320 1235 utroque
1333 1187 1472 1222 caballi
1481 1187 1601 1222 latere
1614 1185 1859 1233 dependentes
1872 1184 2076 1235 praedicat
2088 1184 2240 1223 Seneca
2252 1184 2279 1223 1.
2292 1182 2333 1224 d.

331 1308 370 1346 3.
433 1306 559 1345 Nonii
588 1309 766 1360 quinque
789 1308 1012 1347 editionum
1036 1321 1133 1359 quas
1159 1307 1260 1345 mihi
1284 1306 1388 1345 inter
1407 1319 1448 1344 se
1471 1305 1655 1344 conferre
1675 1304 1839 1357 contigit
1864 1304 2135 1358 antiquissima
2152 1304 2338 1348 venenis

255 1375 334 1417 per
359 1363 584 1401 Antonium
611 1364 661 1402 de
690 1366 852 1417 Gusago
879 1365 1072 1417 impressa
1100 1372 1160 1403 est
1186 1379 1221 1403 a.
1250 1368 1359 1403 1498.
1396 1364 1438 1401 in
1472 1377 1548 1416 qua
1581 1362 1651 1401 etsi
1683 1363 1804 1401 verba
1831 1362 1952 1400 Nonii
1985 1376 2091 1402 nunc
2121 1363 2339 1416 depravata

260 1435 372 1460 nunc
399 1421 579 1459 mutilata
606 1429 698 1460 sunt
723 1423 873 1461 mirum
900 1423 939 1461 in
967 1423 1152 1469 modum,
1191 1435 1482 1472 nonnunquam
1509 1428 1645 1459 tamen
1671 1420 1888 1471 scripturae
1913 1419 2207 1471 pulcherrimae
2231 1421 2340 1459 inve-

259 1478 428 1517 niuntur
453 1484 492 1515 et
517 1477 600 1515 sola
627 1492 719 1515 cum
747 1479 921 1517 editione
949 1479 1133 1517 Mercerii
1161 1478 1331 1516 secunda
1360 1477 1643 1529 conspirantes.
1708 1477 1888 1515 Alteram
1921 1491 1999 1514 una
2026 1490 2119 1514 cum
2144 1476 2340 1516 Varronis

259 1534 314 1574 de
339 1535 384 1572 L.
400 1534 444 1571 L.
472 1540 511 1570 et
532 1533 639 1570 Festi
665 1534 775 1571 libris
802 1536 964 1582 adjectis
992 1536 1202 1573 Michaelis
1230 1535 1388 1573 Bentini
1415 1535 1735 1583 castigationibus
1762 1534 1913 1572 Perotti
1941 1532 2221 1585 Cornucopiae
2246 1534 2342 1573 sub·

256 1590 386 1641 junxit
418 1588 656 1627 Valentinus
692 1589 837 1638 Curio,
877 1592 1054 1630 Basileae
1088 1606 1122 1629 a.
1152 1595 1262 1630 1532.
1343 1591 1425 1641 Qui
1461 1605 1586 1644 quum
1620 1591 1802 1629 Nonium
1840 1589 2099 1643 integriorem
2138 1589 2268 1630 multo
2300 1598 2342 1632 et

258 1648 581 1690 emendatiorem
609 1648 850 1695 exhibuerit,
885 1658 1080 1701 quantum
1107 1649 1373 1687 vetustissimo
1400 1649 1462 1685 isti
1490 1649 1704 1699 exemplari
1732 1661 1814 1698 quo
1841 1661 1882 1684 se
1909 1661 2029 1685 usum
2055 1661 2140 1686 esse
2165 1649 2342 1690 affirmat

258 1711 508 1759 quantumve
543 1703 783 1743 editionibus
818 1705 1018 1757 prioribus
1051 1705 1252 1752 debuerit,
1291 1704 1389 1742 mihi
1424 1704 1465 1743 in
1498 1704 1560 1742 his
1595 1704 1761 1758 copiolis
1794 1702 1894 1742 meis
1927 1703 2101 1752 judicare
2127 1704 2339 1747 nonlicet.

261 1763 450 1804 Tertium
476 1761 518 1800 in
543 1761 685 1800 scrinio
713 1776 806 1801 meo
833 1763 968 1802 locum
995 1763 1148 1802 obtinet
1173 1763 1287 1816 prior
1313 1762 1434 1801 editio
1457 1762 1644 1801 Mercerii
1678 1776 1779 1816 quae
1802 1761 1961 1801 Parisiis
1987 1775 2021 1800 a.
2045 1765 2144 1803 1583
2168 1763 2342 1816 prodiit:

263 1822 378 1869 mjus
410 1820 451 1857 in
484 1820 617 1857 fronte
653 1820 816 1872 quidem
850 1821 916 1860 ille
950 1836 1102 1860 nomen
1136 1836 1254 1860 suum
1281 1821 1435 1866 celarit,
1474 1827 1515 1858 at
1540 1835 1682 1858 verum
1710 1821 1908 1859 editorem
1933 1834 1978 1858 se
2005 1819 2180 1859 ostendit
2202 1821 2341 1862 libello

263 1877 483 1916 Variamm
510 1877 764 1924 Lectionum,
802 1878 870 1929 qui
903 1878 1021 1915 simul
1056 1879 1105 1914 de
1139 1878 1282 1914 eadem
1313 1877 1476 1916 officina
1509 1878 1708 1916 corollarii
1740 1879 1865 1916 instar
1898 1877 2164 1916 emittebatur.
2227 1879 2344 1919 Hane

265 1935 486 1976 editionem
513 1935 565 1972 D.
586 1934 868 1972 Gothosredus
894 1934 934 1970 in
957 1933 1195 1970 Auctoribus
1221 1933 1376 1982 linguae
1395 1934 1558 1971 Latinae
1586 1948 1619 1971 a.
1642 1938 1740 1972 1585
1767 1933 1820 1970 ita
1846 1932 2016 1971 fideliter
2040 1933 2343 1984 exprimendam

266 1993 438 2038 curavit,
466 1991 574 2030 nulla
602 1998 645 2029 ut
672 1992 753 2038 ejus
773 1990 873 2028 mihi
898 1990 1082 2028 habenda
1104 1989 1203 2028 ratio
1224 1989 1353 2027 fuerit.
1402 1990 1608 2028 Postrema
1634 1997 1674 2028 et
1700 1990 1866 2041 optima,
1891 1990 1970 2028 hoc
1996 1997 2072 2037 est,
2097 1991 2343 2034 mendorum

262 2057 306 2089 et
337 2049 537 2101 paucitate
572 2056 612 2086 et
645 2049 802 2085 levitate
837 2048 1026 2085 omnibus
1059 2054 1264 2099 praestans
1296 2047 1543 2084 Merceriana
1576 2047 1697 2084 altera
1731 2054 1808 2093 est,
1846 2048 1950 2099 typis
1984 2048 2116 2085 denuo
2149 2048 2344 2101 descripta

266 2120 360 2148 cura
387 2104 705 2159 Spangenbergii
733 2104 889 2157 Lipsiae
916 2118 949 2143 a.
980 2107 1090 2145 1826.
1117 2126 1169 2133 —
1196 2105 1305 2143 Haec
1329 2102 1621 2157 praemittenda
1648 2103 1762 2153 duxi,
1788 2111 1831 2145 ut
1854 2103 2025 2158 posthac
2046 2105 2091 2144 in
2117 2105 2345 2148 examinan-

268 2165 330 2205 dis
354 2165 452 2203 locis
479 2164 600 2201 Nonii
629 2164 696 2214 qui
723 2170 815 2200 sunt
840 2163 1002 2214 plurimi
1030 2163 1206 2199 breviter
1232 2163 1363 2200 dicere
1388 2163 1534 2200 liceret.

392 2224 599 2261 Praeterea
631 2237 735 2260 omne
768 2224 842 2259 iter
873 2230 930 2259 est
962 2236 1066 2259 omne
1097 2222 1262 2258 labosum
1294 2229 1407 2270 atque
1438 2224 1596 2258 lutosum
1621 2220 1767 2259 Venet.
1817 2224 2023 2260 Praeterea
2047 2236 2151 2261 omne
2174 2225 2249 2261 iter
2272 2224 2344 2263 hoe

272 2286 332 2319 eet
364 2281 525 2316 (abosum
556 2287 669 2330 atque
696 2282 855 2321 lutosum
888 2278 1003 2316 Basil.
1032 2278 1127 2315 item
1156 2277 1277 2316 Merc.
1308 2282 1340 2316 l.
1367 2281 1402 2316 2.
1431 2277 1501 2316 sed
1530 2277 1685 2317 omissis
1718 2286 1830 2330 atque
1862 2282 2039 2327 lutosum,
2078 2292 2181 2333 quae
2205 2286 2345 2323 tamen

271 2335 409 2388 potius
443 2336 628 2374 excidisse
662 2337 703 2374 in
734 2351 827 2374 mss.
855 2350 977 2387 quam
1010 2350 1032 2373 a
1065 2336 1234 2373 librariis
1267 2336 1417 2382 adjecta
1450 2336 1624 2373 credam.
1691 2334 1884 2375 Ceterum
1911 2338 2130 2375 verborum
2156 2337 2344 2376 ordinem

269 2390 516 2432 mutandum
548 2405 631 2430 esse
660 2400 780 2445 patet.
844 2395 1043 2441 Labosum‚
1068 2393 1098 2432 si
1127 2392 1261 2432 Nonio
1289 2392 1410 2431 sidem
1436 2392 1656 2440 habemus,
1680 2406 1756 2444 pro
1790 2407 1837 2432 eo
1870 2393 1981 2447 quod
2014 2401 2073 2434 est
2096 2393 2344 2436 laboriosum

271 2450 396 2502 accipi
423 2449 556 2486 debet.
622 2451 808 2489 Attamen
834 2457 916 2488 tam
943 2451 1084 2489 crebro
1112 2457 1249 2502 peccat
1274 2450 1363 2497 iste,
1402 2451 1574 2489 maxime
1606 2450 1648 2487 in
1675 2450 1917 2503 exquirenda
1948 2451 2238 2492 vocabulorum
2264 2451 2344 2491 ori·

273 2508 384 2562 gine,
423 2513 467 2545 ut
493 2505 677 2544 dubitem
704 2520 754 2545 an
779 2508 965 2546 Martinio
993 2509 1034 2546 in
1062 2508 1156 2545 Lex.
1187 2507 1285 2545 Phil.
1312 2509 1518 2554 accedam,
1557 2507 1625 2560 qui
1652 2506 1730 2546 hoc
1756 2509 1844 2560 ipso
1872 2508 2011 2546 Lucilii
2037 2523 2154 2547 versu
2178 2509 2343 2560 probari

273 2565 359 2603 vult
383 2571 519 2603 ortum
547 2563 644 2600 illud
672 2577 757 2601 esse
785 2563 835 2600 ab
863 2577 909 2600 eo
936 2565 1046 2614 quod
1074 2572 1132 2601 cst
1158 2567 1280 2608 labes,
1313 2573 1356 2603 ut
1380 2566 1430 2603 sit
1456 2564 1567 2616 quasi
1594 2564 1757 2614 plenum
1783 2565 1904 2610 labis,
1940 2565 2008 2602 ubi
2033 2565 2149 2603 facile
2175 2565 2227 2603 sit
2249 2566 2342 2607 labi.

274 2621 385 2660 Nihil
420 2627 480 2660 est
509 2635 532 2659 a
565 2619 825 2672 grammatica
858 2619 1009 2658 ratione
1044 2620 1154 2672 quod
1190 2620 1230 2657 in
1261 2620 1337 2660 liae
1369 2620 1562 2661 sententia
1599 2621 1787 2661 offendat.
1865 2622 2003 2673 Quam
2040 2622 2073 2660 si
2107 2623 2194 2674 quis
2231 2624 2343 2677 sequi

276 2678 405 2725 malit,
441 2692 603 2718 versum
629 2678 750 2718 etiam
775 2677 930 2718 leviore
956 2679 1177 2718 mutatione
1212 2678 1266 2718 sic
1290 2679 1462 2720 reficiet:
1513 2681 1721 2720 Praeterea
1752 2696 1856 2721 omne
1886 2683 1960 2719 iter·
1990 2682 2061 2719 Ιιοο
2090 2682 2254 2721 labosum
2284 2690 2344 2722 en

276 2743 391 2785 atque
415 2739 581 2776 lutosum.
