2601 3308
126 326 129 333 ¹
240 332 257 343 ··
277 310 385 366 ’ω
439 313 594 359 festus
622 307 668 368 in
694 328 780 358 exc.
803 309 932 355 Pauli
958 326 1002 372 p.
1028 317 1083 355 91
1108 307 1265 353 Liada
1314 308 1537 354 Minorem
1558 308 1723 359 Delum
1746 308 1956 359 Puteolos
1984 320 2080 358 esse
2108 310 2323 373 dham

135 389 146 399 ·
244 374 369 440 quod
404 371 543 420 Delos
588 369 822 435 aliquando
865 371 1103 416 maximum
1148 370 1395 432 emporium
1440 369 1571 415 suerit
1612 370 1745 431 totius
1790 373 1909 419 orbis
1954 382 2196 420 terrarum:
2251 377 2323 425 eui

249 434 450 482 successit
480 444 632 495 postea
665 432 979 486 Puteolanum,
1013 430 1135 495 quod
1167 431 1452 495 municipium
1479 434 1699 477 Graecum
1731 440 1859 476 antea
1887 432 2175 482 Dicaearchi:
2203 434 2334 482 vocis

248 497 383 543 titum
415 504 492 541 est.
555 492 690 540 Unde
721 493 942 540 Lucilius:

436 593 491 653 0)
536 592 661 639 Inde
690 593 1045 639 Dicaearchum
1073 591 1274 655 populos
1303 592 1572 658 Delumque
1601 593 1842 640 minorem.

247 692 426 741 Puteoli
458 711 483 739 a
505 695 565 739 Ca
599 710 653 737 ua
683 690 870 736 aberant
900 691 1053 754 viginti
1086 693 1256 738 circiter
1276 692 1391 737 milia
1421 710 1656 753 passuum:
1689 691 2003 755 expeditissima
2033 691 2167 754 igitur
2194 692 2327 742 unioe

250 755 340 803 diei
368 755 452 803 via.
586 769 641 798 ue
672 751 883 814 particula
917 753 1160 815 explicandi
1190 754 1278 801 vim
1312 753 1464 807 habet,
1513 765 1561 799 ut
1593 773 1615 799 a
1650 788 1660 798 .
1692 757 1800 799 Hor.
1832 759 1896 808 11,
1931 766 1978 808 1,
2012 765 2083 801 37.
2114 773 2155 799 ν.
2187 757 2321 801 Kritz.

250 816 297 862 in
334 816 500 861 Sallust.
536 817 629 858 Cat.
671 825 719 867 4,
760 824 800 860 2.
896 815 1000 860 Pari
1037 815 1173 862 modo
1213 824 1255 861 et
1292 815 1482 878 positum
1523 815 1568 860 in
1623 832 1655 860 r.
1692 823 1768 869 32,
1806 824 1843 861 1.
1925 815 1990 861 Cf.
2018 817 2137 861 Enn.
2169 814 2323 879 fragm.

249 896 292 940 p.
322 887 377 922 42
412 880 538 921 Hess.
571 886 615 919 et
647 880 754 920 Hor.
785 876 920 937 Epist.
943 882 1000 928 ΙΙ,
1039 888 1076 928 1,
1111 887 1213 921 243.
1280 880 1486 919 Ceterum
1521 887 1585 919 est
1616 877 1660 920 in
1693 877 1780 919 hoe
1812 893 1961 929 versu,
1995 877 2115 938 quod
2148 876 2327 922 accedat

248 937 318 986 vel
356 936 519 1000 aspiret
558 934 614 981 ad
653 935 864 998 grandem
896 937 1026 982 Ennii
1060 948 1101 983 et
1134 936 1300 999 Virgilii
1343 936 1605 992 orationem,
1658 955 1681 982 a
1716 954 1799 1000 qua
1831 937 2055 983 Luciliana
2088 938 2216 984 satira
2248 937 2327 984 ab·

248 1000 436 1045 horrere
482 998 592 1043 solet
635 1016 726 1043 non
771 999 914 1043 minus
960 1017 1092 1061 quam
1131 999 1380 1043 Horatiana.
1476 1001 1583 1045 Non
1623 998 1743 1057 dico·
1767 997 1971 1060 equidem
2013 998 2219 1044 omissam
2258 999 2329 1047 ad

248 1060 726 1125 praepositionem‚,ut
756 1060 801 1105 in
833 1059 954 1122 Virg.
987 1061 1077 1106 Ecl.
1109 1063 1148 1114 Ι,
1183 1072 1255 1106 65.
1288 1079 1326 1104 v.
1357 1060 1525 1104 Vechn.
1558 1060 1724 1105 Hellen.
1758 1062 1796 1110 Ι,
1829 1070 1870 1113 2,
1906 1071 1944 1106 5.
1991 1059 2080 1104 hoc
2112 1060 2228 1105 enim
2258 1061 2327 1106 in·-

252 1133 422 1168 certum
456 1131 545 1166 est.-
608 1125 777 1165 Verum
809 1121 988 1183 plenum
1020 1122 1131 1166 inest
1164 1121 1387 1183 quoddam
1418 1122 1655 1166 verborum
1689 1139 1739 1165 ac
1770 1120 1942 1165 numeri
1972 1121 2155 1174 flumen,
2198 1120 2327 1182 quale

251 1185 462 1244 frequens
494 1183 539 1227 in
571 1183 768 1227 versibus
795 1183 980 1244 Virgilii,
1013 1201 1160 1228 rarum
1192 1193 1240 1227 ut
1268 1201 1349 1244 par
1378 1192 1441 1226 est
1470 1182 1586 1244 apud
1615 1182 1858 1227 Horatium.
1906 1185 1971 1227 Ex
1996 1180 2077 1225 illis
2105 1198 2326 1243 apponam

253 1245 421 1306 aliquot
452 1261 499 1288 re
533 1260 710 1303 quoque
743 1242 868 1286 valde
901 1243 1087 1286 similes:
1122 1244 1443 1302 Grajugenum
1480 1259 1536 1286 ue
1559 1244 1726 1287 domos
1746 1252 2049 1304 suspectaque
2071 1243 2329 1304 linquimus

252 1322 379 1350 arva.
410 1308 519 1348 Aen.
536 1307 618 1354 111,
645 1312 745 1347 55⁰.
795 1303 892 1345 Per
911 1302 1114 1363 Grajum
1132 1304 1333 1362 populos
1354 1318 1427 1346 me
1463 1304 1627 1364 lacque
1643 1319 1727 1363 per
1742 1303 1899 1347 Elidis
1922 1302 2090 1347 urbem.
2123 1305 2199 1358 Vl,
2215 1307 2325 1351 688.

250 1368 344 1412 Per
375 1364 559 1409 medias
592 1362 721 1408 urbes
753 1364 909 1421 agitur
942 1365 1230 1425 populosque
1246 1364 1445 1423 seroces.
1492 1367 1596 1417 Vll,
1632 1373 1735 1410 384.
1829 1362 2164 1435 Laurentisque
2196 1365 2329 1413 docet

245 1427 446 1490 populos
478 1424 726 1487 urbemque
757 1423 931 1468 Latini.
981 1426 1064 1477 vl,
1100 1434 1201 1471 892.
1253 1424 1297 1468 in
1333 1424 1490 1486 quibus
1525 1424 1727 1470 omnibus
1760 1442 1828 1470 res
1863 1424 2018 1470 eadem
2049 1425 2116 1471 bis
2148 1425 2328 1474 effertur

250 1488 437 1552 perinde
459 1497 509 1531 ut
531 1486 577 1529 in
600 1503 731 1530 versu
754 1485 933 1529 Lucilii:
965 1486 1119 1547 populi
1151 1485 1267 1530 enim
1301 1486 1375 1546 qui
1408 1485 1611 1530 dicuntur
1641 1486 1769 1531 unius
1803 1497 1904 1531 sunt
1934 1486 2055 1531 urbis
2082 1487 2327 1534 multitudo.

254 1553 358 1609 Qua
392 1547 448 1592 de
481 1564 529 1591 re
566 1546 709 1590 minus
742 1556 859 1591 recte
890 1545 1096 1605 judicavit
1129 1546 1344 1591 Columna
1382 1546 1427 1590 in
1459 1550 1570 1591 Enn.
1604 1547 1655 1592 fr.
1686 1565 1728 1610 p.
1766 1557 1837 1593 11.
1930 1549 2091 1608 Neque
2123 1549 2331 1598 Horatius

252 1611 301 1656 in
338 1609 409 1654 illa
450 1626 582 1667 quam
624 1607 679 1650 de
718 1607 872 1650 itinere
911 1625 991 1649 suo
1030 1625 1128 1650 com
1164 1607 1277 1650 osuit
1315 1607 1442 1652 satira
1483 1626 1659 1653 omnem
1698 1608 1859 1653 altioris
1892 1608 2064 1668 spiritus
2100 1608 2160 1653 im
2196 1620 2330 1666 etum,

251 1684 384 1776 guem
425 1683 494 1710 res
533 1664 803 1709 enarrandae
843 1665 967 1708 facile
1005 1665 1118 1709 inter
1151 1682 1226 1708 um
1265 1665 1526 1717 excitabant,
1581 1667 1814 1726 omniaque
1854 1665 2051 1726 pondera
2090 1685 2167 1713 ver
2200 1687 2329 1719 orum

284 1749 307 1776 e

311 1727 467 1776 vitavit.
531 1744 573 1772 x..
606 1723 768 1770 Heind.
798 1724 844 1767 in
875 1742 918 1770 v.
952 1734 1025 1775 73.
1100 1727 1204 1787 Quo
1238 1723 1396 1771 codem
1428 1725 1618 1790 pertinet
1649 1725 1755 1772 urbs
1782 1727 2148 1775 Illamurrarum
2179 1747 2219 1779 γ·
2253 1741 2326 1780 37·
2373 1776 2376 1779 Ι

252 1793 319 1850 Cf.
352 1795 477 1837 Serv.
507 1788 556 1833 in
586 1791 695 1832 Aen.
726 1789 766 1842 Ι,
800 1795 908 1832 244.
1986 1819 1989 1821 ,

314 1939 393 1985 23.
457 1935 569 1984 Gell.
600 1935 643 1989 Ϊ,
676 1944 745 1982 16.
793 1931 996 1981 BIacrob.
1029 1934 1113 1980 Sat.
1145 1935 1189 1987 Ῑ,
1223 1943 1260 1981 5.

548 2034 633 2080 Ad
659 2042 847 2093 portum
880 2032 1005 2076 mille
1037 2049 1071 2076 a
1097 2041 1238 2090 porta
1269 2040 1349 2081 est,
1397 2031 1564 2076 exinde
1595 2034 1858 2077 Salernum.

253 2141 404 2189 Patet,
436 2133 519 2180 nisi
552 2131 696 2179 omnia
729 2149 801 2176 me
834 2129 1006 2182 fallunt,
1038 2140 1215 2191 portum
1249 2139 1292 2174 et
1322 2140 1493 2191 portam
1527 2129 1643 2174 illam
1674 2131 1801 2176 unius
1834 2149 1983 2176 earum
2015 2152 2108 2178 csse
2139 2135 2329 2194 urbium,

257 2214 369 2260 quae
409 2213 433 2240 a
474 2194 656 2239 Salerno
696 2192 832 2237 solem
873 2191 1171 2244 occidentem,
1224 2208 1247 2235 a
1288 2191 1481 2236 Puteolis
1521 2191 1734 2236 orientem
1778 2202 1982 2254 spectant.
2070 2197 2327 2257 Interjectae

259 2270 403 2306 autem
446 2273 586 2318 prope
631 2255 746 2300 littus
788 2254 902 2298 inter
945 2252 1156 2298 Puteolos
1204 2262 1246 2297 et
1290 2252 1516 2298 Salernum
1563 2251 1674 2299 hae:
1743 2255 1969 2316 Neapolis,
2016 2258 2327 2317 Herculanum,

258 2319 481 2380 Pompeii,
514 2317 708 2369 Stabiae,
739 2320 1012 2360 Surrentum.
1083 2318 1249 2358 Harum
1283 2314 1471 2358 mediam
1505 2331 1528 2359 a
1561 2325 1691 2375 pocta
1723 2315 1905 2374 conjicio
1938 2316 2188 2378 significari,
2227 2322 2328 2393 quia

260 2380 505 2442 emporium
537 2378 615 2423 suit
649 2396 748 2423 cum
782 2376 941 2429 navali,
975 2387 1082 2420 teste
1117 2375 1331 2421 Strabone
1364 2379 1416 2428 V,
1451 2387 1499 2429 4,
1533 2386 1575 2420 et
1607 2394 1697 2420 non
1731 2375 1785 2421 ad
1817 2377 1958 2439 ipsum
1993 2381 2120 2425 Sarni
2154 2386 2327 2430 omum

257 2440 391 2502 jacuit
423 2439 497 2484 sed
530 2440 658 2499 paulo
693 2458 717 2484 a
750 2438 860 2483 mari
893 2438 1114 2483 remotior.
1181 2437 1352 2482 Cluver.
1383 2441 1434 2482 lt.
1469 2446 1554 2482 ant.
1586 2440 1659 2489 IV,
1694 2446 1734 2483 3.
1768 2454 1809 2508 p,
1845 2449 1975 2485 1155,
2055 2442 2191 2487 effus
2222 2444 2327 2493 sitm

257 2520 398 2549 unum
437 2500 730 2545 testimonium
767 2499 861 2560 ipse
904 2500 1031 2544 affert
1065 2498 1290 2543 Cluverius
1324 2517 1348 2542 e
1380 2498 1551 2543 Tabula
1587 2497 1831 2542 itineraria:
1878 2499 1955 2545 sed
1988 2520 2105 2562 quan
2140 2521 2167 2547 o
2199 2508 2328 2550 Man-

258 2573 433 2609 nemun
466 2559 597 2605 video
638 2577 726 2603 non
760 2559 1027 2605 dubitantem
1069 2559 1175 2621 quin
1207 2559 1409 2630 Pompeji
1445 2560 1491 2605 in
1533 2559 1629 2619 ipso
1661 2558 1802 2604 littore
1840 2561 1956 2619 (anti
1990 2580 2070 2617 uo,
2109 2581 2213 2610 nam
2245 2565 2326 2614 ho..

260 2625 461 2670 diernum
493 2622 671 2683 longius
734 2621 922 2676 rocedit)
954 2621 1084 2683 positi
1116 2620 1295 2671 suerint,
1326 2621 1393 2666 isti
1420 2619 1630 2667 accedere
1657 2638 1817 2667 moneo
1850 2621 1929 2667 alia
1959 2578 2048 2669 duo
2082 2643 2195 2687 quae
2227 2638 2328 2676 sum

261 2686 314 2732 ab
348 2684 509 2733 ovidio
548 2638 740 2747 petenda
774 2685 879 2728 Met.
911 2686 1005 2737 XV,
1041 2694 1128 2730 709
1155 2712 1204 2719 —
1233 2693 1282 2728 11
1327 2694 1368 2728 et
1407 2702 1431 2728 a
1463 2681 1718 2728 Ptolemaeo
1758 2683 1880 2744 cujus
1920 2684 2066 2730 locum
2101 2686 2325 2741 Cluveriu,

259 2764 302 2811 p-
341 2757 455 2796 1156
490 2745 722 2810 exscripsit.
787 2747 1280 2807 Uterqueenumerans
1312 2744 1406 2790 loca
1439 2742 1653 2790 maritima
1684 2746 1923 2808 Pompejos
1954 2750 2265 2808 praetermittit·
