2601 3308
286 309 460 374 qI-fpp'e
493 309 600 357 soris
638 308 776 355 nihilo
813 306 970 355 melius
1007 304 1085 370 qui
1119 307 1277 355 sentiat
1312 327 1418 355 esse.
1436 322 1463 346 α
1556 306 1628 356 Ad
1660 308 1749 354 hoc
1784 306 1979 355 taedium
2014 308 2130 356 vitae
2164 307 2362 358 uthanae

287 382 524 433 levandum
569 381 639 432 vel
687 379 744 427 ad
790 379 982 428 animum
1035 380 1149 428 curis
1196 381 1491 446 molestiisque
1544 382 1820 430 liberandum
1866 383 2060 432 Romani
2104 383 2362 447 frequenter

288 467 574 522 susceperunt
610 455 764 502 itinera
808 466 851 502 et
890 466 1011 502 certo
1048 456 1228 517 quidem
1264 458 1356 501 fine
1394 458 1623 518 proposito
1665 458 1798 503 nullo.
1898 457 1983 504 Alii
2022 457 2156 503 otium
2197 469 2241 505 et
2282 457 2361 506 otii

285 532 477 579 fructum
525 540 783 593 quaerentes
828 529 900 575 vel
947 532 1192 574 Tarentum
1238 547 1284 574 se
1332 528 1554 575 abdebant
1599 530 1668 577 vel
1714 530 1908 576 latebant
1952 532 2141 595 Neapoli
2186 532 2356 581 inclusi.

284 608 440 652 senec.
479 619 548 665 ep.
589 612 660 650 68.
731 604 784 647 cs.
820 606 930 645 Hor.
969 605 1058 647 Sat.
1096 607 1139 655 Ι,
1179 611 1226 655 6,
1269 613 1368 649 1⁰5.
1445 603 1602 648 Odofr.
1641 603 1841 648 Mueller.
1881 607 2051 648 Etrusc.
2089 609 2129 658 1,
2165 622 2207 666 p·
2252 616 2354 653 18⁰.

283 678 340 724 dl
371 675 503 724 ovid.
534 680 641 723 Met.
673 678 772 730 XV,
806 685 910 722 711.
987 678 1054 722 Ac
1083 675 1318 738 Neapolim
1349 676 1540 723 Lucilius
1573 696 1750 740 quoque
1782 677 1863 723 sub
1896 678 2009 723 vitae
2041 678 2177 722 finem
2210 695 2256 722 se
2287 696 2356 723 rt>

284 749 420 813 oepit,
466 768 552 812 qua
583 750 629 794 in
661 747 773 793 urbe
805 759 1005 794 mortuus
1042 767 1136 795 esse
1168 750 1306 797 fertur
1341 751 1605 813 publiceque
1644 751 1789 796 elatus.
1883 751 1997 798 Illud
2030 769 2138 797 vero
2172 750 2207 795 si
2239 760 2358 796 recte

284 841 434 871 sumus
466 820 665 884 augurati
697 822 779 880 (ne
811 822 1075 869 arbitremur
1097 824 1311 871 Lucilium
1343 825 1450 871 nihil
1483 824 1600 871 aliud
1633 836 1845 887 spectasse
1878 843 2009 885 quam
2043 823 2164 886 quod
2191 823 2356 888 Pytha·

282 913 457 960 goram,
503 895 808 941 Democritum
839 895 1033 959 aliosque
1067 897 1169 942 olim
1202 916 1385 961 magnos
1417 898 1532 945 viros
1566 898 1703 961 egisse
1735 897 1941 943 traditum
1974 908 2058 952 est,
2103 908 2155 943 ut
2183 897 2356 944 videret

280 967 522 1016 multorum
554 968 785 1015 hominum
815 970 948 1016 urbes
984 987 1217 1033 moresque
1250 982 1553 1035 cognosceret,
1602 988 1670 1016 res
1703 970 1950 1033 complures
1982 969 2242 1033 prohibent,
2292 969 2352 1019 ita

281 1043 435 1090 saltem
465 1052 515 1087 ut
546 1043 727 1087 alteram
758 1044 1016 1088 sententiam
1049 1061 1074 1087 a
1100 1061 1206 1089 vero
1239 1046 1388 1090 abesse
1421 1046 1603 1109 propius
1636 1044 1898 1100 existimem)
1932 1061 1982 1088 ea
2016 1061 2121 1106 ergo
2154 1044 2352 1106 probata,

203 1178 206 1181 .
278 1128 384 1179 “pta
422 1127 524 1161 sunt
563 1134 674 1178 quae
712 1117 786 1160 hic
824 1117 1026 1178 legantur
1060 1118 1194 1163 verba
1228 1124 1419 1164 Senecae
1460 1119 1516 1163 de
1552 1130 1694 1179 tranq.
1735 1136 1802 1162 an.
1842 1122 1901 1170 11,
1945 1128 2021 1171 ll,
2064 1117 2223 1178 quibus
2261 1133 2352 1162 non

280 1189 424 1236 solum
456 1190 659 1250 aequales
691 1208 792 1235 suos
825 1189 926 1244 sed,
964 1201 1094 1252 puto,
1127 1192 1255 1237 etiam
1287 1192 1475 1251 majores
1506 1193 1594 1237 hoc
1623 1192 1760 1237 modo
1794 1191 1997 1252 castigat:
2052 1190 2353 1252 »Peregrina-

278 1260 422 1308 tiones
460 1261 752 1323 suscipiuntur
788 1281 924 1325 vagae
963 1274 1006 1308 et
1042 1264 1187 1309 littora
1223 1276 1526 1326 pererrantur,
1584 1276 1627 1310 et
1664 1263 1799 1309 modo
1838 1263 1949 1309 mari
1988 1282 2034 1308 se
2066 1262 2203 1309 modo
2235 1273 2352 1309 terra
2424 1303 2427 1308 ,

280 1334 500 1396 experitur
529 1352 701 1395 semper
732 1335 1030 1396 praesentibus
1061 1336 1216 1381 infesta
1247 1337 1408 1382 levitas.
1480 1339 1612 1382 Nunc
1646 1336 1930 1396 Campaniam
1960 1345 2173 1397 petamus.
2245 1339 2350 1380 Jam

280 1406 461 1453 delicata
493 1406 663 1451 fastidio
697 1418 824 1451 sunt:
854 1408 1015 1452 inculta
1045 1408 1303 1453 videantur:
1331 1409 1526 1453 Bruttios
1558 1419 1602 1451 et
1620 1412 1823 1451 Lucanos
1856 1407 1986 1452 saltus
2015 1424 2346 1470 persequamur.

278 1480 456 1541 Aliquid
493 1491 641 1524 tamen
678 1481 792 1525 inter
836 1481 1005 1525 deserta
1045 1482 1219 1525 amoeni
1260 1482 1526 1543 requiratur,
1580 1481 1624 1524 in
1669 1498 1756 1541 quo
1796 1480 2002 1524 luxuriosi
2041 1481 2174 1524 animi
2213 1481 2349 1541 longo

278 1549 481 1601 locorum
510 1553 786 1599 horrentium
820 1554 1021 1616 squalore
1054 1554 1312 1600 releventur.
1333 1572 1355 1591 «
1409 1560 1526 1601 Tum
1559 1573 1695 1617 parvo
1728 1553 1981 1599 intervallo:
2034 1557 2175 1599 »Jam
2206 1553 2352 1599 flecta·

278 1645 378 1674 mus
411 1646 586 1673 cursum
620 1627 675 1672 ad
707 1628 883 1682 urbem,
935 1628 1062 1673 nimis
1096 1628 1170 1674 diu
1203 1648 1226 1673 a
1259 1629 1415 1691 plausu
1453 1640 1496 1673 et
1527 1629 1700 1691 fragore
1734 1646 1859 1672 aures
1891 1639 2182 1673 vacaverunt:
2232 1626 2353 1686 juvat

279 1699 368 1760 iam
402 1710 445 1744 et
475 1699 671 1744 humano
703 1700 912 1761 sanguine
943 1701 1041 1746 frui.
1093 1701 1223 1747 Aliud
1257 1720 1307 1747 ex
1339 1702 1421 1747 alio
1453 1702 1536 1746 iter
1568 1700 1797 1761 suscipitur
1829 1710 1872 1744 et
1903 1700 2148 1760 spectacula
2179 1693 2350 1760 spectass

278 1771 386 1817 culis
417 1782 652 1816 mutantur.
670 1787 693 1806 «

402 1844 662 1891 Notandum
695 1855 760 1890 est
791 1844 1003 1907 denique,
1049 1846 1169 1909 quod
1201 1847 1245 1892 in
1279 1847 1414 1892 schol.
1446 1846 1614 1908 Porph.
1647 1843 1702 1889 ad
1734 1848 1841 1889 Hor.
1875 1846 1963 1889 Sat.
1995 1847 2040 1898 I,
2075 1852 2158 1898 lo,
2190 1852 2247 1891 53
2277 1842 2345 1889 lit·

278 1918 382 1965 teris
414 1917 669 1963 mandatum
702 1928 783 1971 est,
822 1936 845 1962 a
879 1919 1045 1963 Lucilio
1078 1921 1122 1963 in
1155 1921 1281 1964 tertio
1314 1920 1425 1964 libro
1459 1918 1736 1980 superiorum
1768 1928 2021 1979 temporum
2052 1927 2207 1980 poetas
2237 1915 2345 1963 vitu-

280 2001 457 2057 peratos
487 2007 727 2051 versusque
760 2007 912 2035 eorum
946 1991 1201 2037 emendatos
1234 2010 1355 2037 esse:
1414 1981 1547 2053 quam
1577 1991 1624 2035 in
1656 2008 1749 2036 rem
1780 1990 2031 2054 inquirendi
2073 2008 2126 2038 ex
2156 1990 2207 2037 iis
2236 2006 2347 2054 quae

282 2066 447 2130 reliqua
478 2064 693 2110 habemus
727 2063 852 2126 copia
884 2064 1002 2108 nulla
1036 2064 1135 2109 data
1168 2075 1248 2109 est.

344 2377 386 2424 1.
447 2378 547 2422 Vet.
570 2380 785 2441 Interpp„
818 2376 936 2441 ¹quos
970 2395 993 2423 e
1026 2376 1122 2423 cod.
1152 2379 1314 2421 Veron.
1346 2375 1538 2438 vulgavit
1567 2374 1758 2439 Angelus
1781 2374 1941 2431 Maius,
1971 2374 2017 2421 in
2049 2377 2157 2422 Aen.
2177 2376 2239 2425 II.
2273 2380 2344 2422 81.

567 2469 800 2515 Fundam
832 2479 972 2532 atque
1003 2469 1219 2513 auditum
1250 2468 1332 2512 iter
1363 2466 1423 2511 ab
1448 2467 1550 2511 imo
1568 2469 1643 2528 fl.
1662 2502 1672 2512 .
1691 2502 1699 2511 .
1717 2502 1728 2512 .

281 2561 372 2606 Iter
407 2558 674 2605 narrandum
715 2560 795 2604 sibi
834 2561 1008 2623 jamque
1078 2558 1243 2604 luribus
1290 2559 1374 2618 (an
1414 2557 1490 2603 uni
1530 2558 1653 2603 alicui
1692 2558 1870 2604 amico?
1909 2577 1948 2603 v.
1979 2558 2032 2603 fr.
2067 2557 2152 2613 40)
2194 2553 2342 2602 auditu

281 2621 507 2686 cognitum
550 2642 595 2669 se
626 2622 769 2668 iniisse
811 2621 912 2668 dicit
943 2579 1133 2669 Lucilius
1175 2620 1229 2667 ab
1264 2640 1341 2667 ore
1375 2620 1565 2675 Tiberis,
1612 2621 1688 2666 ubi
1722 2622 1846 2667 Ostia
1880 2621 1956 2666 sita
1990 2621 2067 2666 suit
2096 2619 2141 2663 in
2171 2616 2340 2663 sinistra

282 2684 391 2746 rip'a.
473 2688 575 2743 Quo
619 2685 799 2730 dubium
839 2695 903 2729 est
940 2685 1124 2746 pedibus
1162 2684 1328 2729 venerit
1364 2684 1432 2728 via
1465 2684 1664 2728 breviore
1705 2701 1761 2728 an
1797 2684 1897 2728 navi
1935 2682 2147 2725 advectus.
2226 2679 2343 2723 Hinc

282 2761 389 2790 vero
422 2746 662 2792 secundum
700 2764 821 2791 mare
851 2764 1109 2808 progressus
1148 2756 1221 2791 aut
1257 2763 1339 2806 per
1369 2744 1501 2789 urbes
1542 2763 1654 2806 quae
1694 2755 1794 2791 sunt
1823 2748 2086 2790 Laurentum
2119 2750 2165 2786 et
2193 2738 2343 2787 Ardea

285 2815 329 2851 et
356 2807 537 2853 Antium
569 2820 644 2854 aut
673 2819 848 2872 praeter
879 2826 951 2853 eas
984 2807 1206 2854 contendit
1237 2807 1294 2853 ad
1325 2807 1436 2852 fines
1469 2807 1729 2853 Setinorum.
