2601 3308
295 307 370 354 11.
427 306 550 352 Non.
566 306 627 359 11,-
647 313 750 351 80⁰.
765 318 810 365 p.
832 310 935 349 17³.
968 273 1153 347 Glossae
1168 311 1254 347 vet.
1271 302 1317 346 in
1333 304 1455 346 Pers.
1466 303 1522 355 V,
1540 309 1649 347 uo.
1674 300 1990 369 Isidor.Origg.
2004 304 2310 360 KRC-13³.

523 389 584 435 V
576 386 730 435 editur
761 388 1037 449 oenophoris
1052 388 1264 450 fundus,
1310 387 1543 433 sententia
1573 385 1718 432 nobis.

233 474 451 536 Scriptum
484 493 535 519 ex
565 485 692 538 parte
726 474 926 537 exemplo
957 475 1089 520 Ennii
1121 476 1244 536 cujus
1281 475 1369 519 hoc
1401 485 1466 519 est
1496 473 1818 519 hemistichium
1851 490 1921 538 ap.
1952 474 2075 540 Virg.
2104 479 2213 523 Aen.
2234 478 2312 530 lx,

235 546 351 583 165:
383 544 560 583 vertunt
591 545 797 583 crateras
828 537 1025 589 ahenos,
1059 556 1101 601 q.
1135 556 1171 583 e.
1205 536 1358 585 Servio
1389 536 1655 599 interprete:
1695 546 1897 600 potantes
1930 537 2202 584 exhauriunt.

179 694 184 698 ’
232 743 274 789 L
298 680 373 789 1⁶ng
402 683 554 790 II1151011.
591 684 652 734 11,
701 689 804 736 627.
843 696 886 742 p.
931 689 1048 727 150:
1117 680 1340 727 Praecox
1385 690 1451 726 est
1497 696 1731 743 praecoca,
1786 677 1909 743 quod
1956 688 2023 726 est
2066 678 2316 728 immatura.

273 759 305 789 u
479 761 491 789 ε

523 812 742 859 Anicula
773 830 944 875 aspera
976 823 1119 877 atque
1143 832 1355 875 praecox
1384 824 1450 861 est
1464 815 1612 877 fuga.

302 1088 378 1133 13.
438 1087 587 1134 Schol.
618 1087 790 1150 Por-ph.
824 1098 867 1133 et
898 1090 1034 1150 Cruq.
1066 1085 1123 1133 ad
1154 1090 1264 1133 Hor.
1297 1091 1386 1135 Sat.
1417 1091 1460 1142 Ι,
1494 1097 1541 1143 6,
1575 1096 1646 1135 68.

433 1173 485 1231 ⁹)
538 1173 797 1235 Campana
833 1173 1016 1235 Capua.

242 1258 466 1314 Quoniam
499 1259 543 1302 in
575 1258 729 1302 iisdem
762 1259 939 1301 scholiis
968 1274 1101 1318 supra
1133 1259 1424 1317 significatum
1461 1258 1646 1318 legimus
1682 1275 1774 1302 non
1807 1257 1950 1303 solum
1980 1252 2199 1303 transiisse
2229 1259 2319 1303 Lu-

240 1318 384 1361 cilium
410 1321 607 1379 Capuam
640 1318 716 1361 sed
744 1318 805 1361 ibi
837 1335 930 1361 esse
959 1317 1226 1377 aliquamdiu
1253 1330 1493 1370 moratum,
1526 1336 1703 1380 gravem
1730 1319 1847 1362 hanc
1875 1317 2025 1379 capitis
2052 1317 2319 1381 Campaniae

239 1377 579 1440 appellationem
610 1396 704 1425 non
734 1378 877 1424 inanis
909 1377 1098 1440 suspicio
1133 1388 1198 1423 est
1228 1378 1360 1438 hujus
1390 1379 1492 1424 libri
1521 1379 1741 1441 hujusque
1773 1379 1865 1425 fere
1895 1377 1983 1425 loci
2012 1377 2156 1425 fuisse.

307 1521 384 1565 14.
444 1522 670 1574 Non.1V,
704 1531 811 1567 232.
841 1539 886 1583 p.
920 1528 1025 1566 321.
1089 1521 1169 1580 (D.
1200 1525 1291 1565 Ine.
1326 1519 1425 1579 78.)

438 1607 488 1659 ⁰)
533 1609 710 1650 Pulcre
736 1609 925 1650 incitati
950 1604 1176 1665 (sumus)
1210 1610 1480 1669 acceptique
1508 1607 1714 1666 benigne.

240 1686 377 1742 Ξεῖνοις
405 1687 674 1736 ἐλθόντεσσιν
704 1687 913 1749 εὖεςγέται
943 1683 1069 1734 δεῖπν’
1098 1689 1412 1747 ἐπαγγέλλοντι
1439 1691 1609 1751 orgiis-ov.
1683 1687 1814 1736 Pind.

306 1834 383 1879 15.
447 1835 565 1877 Serv.
597 1831 642 1876 in
675 1830 797 1892 Virg.
827 1830 979 1893 Eclog.
998 1834 1081 1884 VI,
1117 1841 1205 1877 53:
1249 1831 1383 1896 Apud
1414 1843 1584 1883 veteres
1614 1830 1916 1895 unusquisque
1948 1846 2006 1878 eo
2036 1844 2171 1897 super
2200 1830 2322 1896 quod

241 1894 417 1954 jacebat
430 1895 594 1954 fultus
624 1892 862 1936 dicebatur.
924 1892 1116 1938 Lucilius
1146 1897 1238 1937 1112

534 1979 600 2024 Et
627 1978 818 2038 pulvino
834 1978 1011 2036 sullus.

244 2065 293 2110 h.
324 2082 364 2111 e.
394 2063 570 2109 effultus
604 2063 720 2108 lecto
749 2060 971 2107 triclinari.

305 2208 381 2254 16.
439 2209 563 2255 Non.
591 2209 679 2261 VI,
712 2215 784 2252 43.
815 2223 859 2268 p.
893 2215 999 2252 455.

535 2294 710 2339 Malas
740 2293 937 2338 tollimu’
968 2308 1058 2338 nos
1088 2300 1232 2356 atque
1260 2291 1421 2339 utimu’
1451 2291 1580 2338 rictu.

245 2381 320 2426 De
356 2378 721 2424 manducantibus
760 2389 880 2423 recte
915 2389 1178 2441 acceperunt
1208 2382 1305 2424 Jan.
1337 2382 1491 2424 Dousa
1531 2377 1578 2422 in
1616 2375 1875 2424 centonibus
1904 2375 2139 2424 Lucilianis
2177 2386 2222 2425 et
2256 2376 2324 2424 vir

247 2440 404 2485 doctus
436 2440 480 2483 in
510 2441 634 2484 Misc.
667 2440 761 2484 obs.
795 2440 886 2484 crit.
918 2440 1003 2484 vol.
1038 2444 1152 2485 VIII.
1184 2451 1213 2486 t.
1243 2445 1279 2486 I.
1310 2458 1353 2503 p.
1394 2451 1460 2487 19.
1540 2439 1716 2484 Malae
1745 2439 1870 2486 faciei
1898 2438 2147 2486 immobiles
2175 2447 2323 2503 partes

246 2501 410 2567 quibus
440 2501 690 2561 superiores
720 2501 875 2547 dentes
902 2501 1024 2546 infixi
1055 2512 1171 2547 sunt.
1235 2502 1290 2546 cs.
1320 2501 1473 2546 Isidor.
1504 2505 1586 2554 XI,
1622 2511 1668 2555 1,
1702 2511 1774 2546 44.

307 2645 384 2691 17.
444 2645 565 2690 Non.
595 2646 635 2697 I,
672 2651 743 2690 76.
776 2659 821 2705 p.
854 2653 941 2691 21:
1001 2642 1213 2691 Cernuus
1242 2642 1401 2691 dicitur
1428 2641 1609 2708 proprie
1638 2641 1890 2702 inclinatus,
1926 2642 2051 2709 quasi
2083 2638 2205 2708 quod
2229 2650 2320 2706 tter·

247 2723 342 2752 ram
373 2716 536 2751 cernat.
597 2704 791 2750 Lucilius
821 2710 910 2750 111:

541 2790 751 2837 Cernuus
779 2792 1013 2852 extemplo
1038 2793 1239 2852 plantas
1268 2793 1485 2837 convestit
1514 2787 1746 2838 honestas.
