2601 3308
252 314 788 364 ...an-uatum«.
799 312 889 354 cic.
902 315 924 353 1
947 314 1095 366 Αμκν
1128 314 1191 362 n,
1200 295 1277 353 ³³4.
1302 312 2334 371 ss.r1·-t.1·r÷-.n‚4,m.n·-sara,an.

254 377 308 417 ef
339 373 448 426 up».
479 371 610 413 Eteet.
643 375 678 420 1,
708 374 803 422 u),
841 371 1067 427 alterum-ius
1105 371 1166 412 rei
1199 369 1399 425 quaedam
1430 368 1664 424 significatio
1701 371 1887 420 adimes·
1917 372 2039 413 fuerit
2066 384 2233 413 moeste
2254 382 2333 418 veut.

248 433 357 473 Utr-
379 443 480 470 vero
498 429 585 469 hoe
609 430 702 470 loco
726 424 932 484 potiorem
951 431 1035 469 vim
1055 430 1242 470 habuerit
1260 429 1481 481 investigari
1500 429 1556 468 ob
1575 428 1819 495 paucitatem
1836 431 2057 470 verborum
2079 430 2336 474 rendum

252 498 351 530 non
361 494 518 543 potest,
543 501 778 545 quanquam
801 487 903 530 mihi
928 488 1125 533 videntur
1143 501 1229 529 esse
1254 486 1587 543 interpretanda
1575 501 1618 527 m
1642 486 1793 527 bonam
1817 494 1990 540 partem.

332 617 396 655 14.
460 617 594 654 Sumus
618 612 751 653 addidi
783 612 835 652 de
868 610 1095 663 coniectura
1122 614 1161 653 J.
1188 614 1362 652 Dousae.
1438 614 1560 652 Nimis
1592 626 1663 652 cur
1692 611 1947 665 proposuerit
1978 611 2106 659 idem,
2143 627 2229 654 non
2258 624 2336 667 ego

254 672 450 725 intelligo.
502 671 671 723 Insignis
695 677 833 709 autem
859 671 985 714 Nonii
1011 680 1071 712 est
1095 672 1368 725 incogitantia,
1401 684 1480 726 qua
1505 670 1622 708 nobis
1646 670 1889 724 persuadere
1915 672 2041 724 cupit,
2075 675 2231 712 ιἠυἰωνο
2255 671 2335 712 hoc

247 729 303 773 {n
326 730 422 771 loco
446 728 662 782 significare
687 730 840 789 replerg'.

333 844 395 882 1⁵.
457 842 517 882 Ut
540 840 753 894 pulvinum
788 839 1030 892 explicarem
1062 841 1212 879 lectum
1243 840 1505 887 triclinarem,
1541 839 1748 878 Juvenalis
1781 838 1879 878 fecit
1909 841 1991 887 111,
2022 843 2096 880 82:
2137 841 2339 894 fultusque

252 908 341 941 toro
372 901 523 939 meliore
557 901 761 946 recumbet,
799 904 840 937 et
872 897 1025 938 Seneca
1066 897 1116 938 de
1152 898 1209 937 ira
1237 898 1318 946 ΙΙΙ,
1358 900 1432 938 37:
1483 896 1646 938 »Minus
1678 896 1880 936 honorato
1913 896 2005 937 loco
2038 898 2191 951 positus
2222 896 2337 939 irasci

250 952 718 1011 coepisti'convivatori,
756 957 952 1003 vocatori,
990 956 1064 1008 ipsi
1092 956 1160 1008 qui
1187 955 1259 994 tibi
1286 956 1600 1007 praeferebatur.
1651 955 1849 1001 Demens,
1888 956 1985 1007 quid
2019 956 2184 995 interest
2214 968 2337 1009 quam

255 1014 350 1055 lecti
370 1021 530 1069 partem
548 1016 738 1067 premas?
777 1013 1062 1053 Honestiorem
1088 1020 1127 1052 te
1154 1020 1222 1052 aut
1247 1013 1470 1065 turpiorem
1495 1019 1630 1065 potest
1655 1011 1783 1051 facere
1805 1016 1975 1063 pulvinus
1990 1017 2035 1052 ?«
2075 1012 2338 1054 Casaubonus

256 1070 303 1111 in
329 1072 440 1113 Pers.
465 1073 525 1118 V,
552 1076 628 1111 146
648 1073 793 1121 fulcire
824 1071 891 1110 hic
921 1071 975 1110 ait
1007 1085 1094 1110 esse
1126 1070 1237 1125 quod
1263 1070 1408 1111 Graeci
1441 1069 1574 1110 dicant
1605 1069 1717 1121 ᾶςιίῖιιι
1742 1070 1874 1115 αἰγιόη.
1924 1070 2091 1111 Suidas:
2130 1070 2267 1124 Ἐςηῗι,
2300 1074 2339 1111 «ὃ

254 1129 449 1178 simp-,sign
499 1127 569 1170 Cf.
596 1130 724 1170 Plaut.
750 1128 847 1170 Cas.
870 1131 932 1179 V,
956 1133 999 1178 2,
1022 1133 1063 1171 9.

336 1242 403 1282 16.
461 1242 595 1280 Malas
619 1243 781 1279 {ollbnus
805 1243 928 1278 animo
952 1246 1070 1291 atquo
1095 1241 1233 1277 utimur
1253 1240 1352 1278 n'ctu
1388 1236 1533 1277 Venet.
1559 1236 1652 1278 Bas.
1678 1242 1815 1279 utimur·
1838 1238 1960 1279 etiam
1983 1239 2112 1281 Mem.
2139 1244 2175 1282 1.
2199 1243 2238 1283 2.

333 1354 398 1392 17.
462 1349 729 1391 Contrarium
742 1357 802 1390 est
820 1354 946 1391 soleas
965 1352 1122 1389 demere.
1147 1363 1185 1388 v.
1199 1348 1327 1388 Plaut.
1341 1349 1462 1388 Truc.
1476 1349 1528 1396 11,
1553 1352 1589 1395 4,
1610 1352 1670 1388 16.
1696 1349 1804 1402 lips.
1819 1349 1953 1403 Antiq.
1969 1350 2093 1391 Lectt.
2108 1344 2179 1392 ῙΪῙ.
2193 1365 2234 1407 Ρ.
2250 1355 2337 1395 145.

255 1409 379 1449 Hunc
408 1423 572 1449 versum
611 1410 654 1448 in
687 1409 858 1448 eandem
890 1409 1130 1447 sententiam
1161 1407 1360 1458 accepisse
1398 1406 1556 1444 videtur
1586 1407 1777 1457 Scaliger,
1816 1410 1964 1460 quippe
1996 1410 2084 1462 qui,
2122 1417 2167 1449 ut
2199 1412 2340 1453 nous·

258 1466 405 1513 refert,
441 1466 499 1505 illi
532 1466 717 1518 proxime
743 1466 1005 1518 praecessisse
1031 1465 1223 1516 judicaret
1248 1463 1380 1502 hunc:
1432 1465 1483 1502 Et
1511 1466 1666 1516 pedibus
1699 1467 1805 1503 laeva
1835 1468 2007 1515 Say-onia
2039 1470 2150 1507 demit
2175 1471 2341 1519 hunesga.

259 1538 301 1562 v.
325 1524 435 1563 Fest.
461 1538 502 1575 p.
529 1527 604 1561 149
631 1523 746 1560 Lind.
801 1522 880 1561 Cui
913 1525 1052 1562 similis
1078 1537 1216 1562 versus
1241 1521 1415 1560 Lucretii
1439 1523 1523 1569 lv,
1548 1526 1672 1562 1118·
1721 1523 1937 1576 Unguenta
1969 1530 2010 1563 et
2040 1525 2179 1577 pulcra
2204 1526 2248 1566 in
2272 1540 2344 1583 pe·

264 1579 385 1622 dibus
408 1580 596 1634 Sicyonia
622 1579 765 1620 rident.

336 1706 401 1744 18.
462 1702 617 1742 Ultima
644 1701 728 1740 duo
753 1700 895 1747 verba,
933 1715 1037 1753 quae
1062 1701 1103 1740 in
1128 1700 1254 1740 Nonii
1285 1700 1395 1741 libris
1421 1701 1583 1748 desunt,
1619 1700 1742 1740 tuitus
1767 1708 1827 1741 est
1851 1702 1901 1742 ab
1927 1703 2090 1743 interitu
2115 1704 2342 1749 Priscianus

257 1775 299 1814 Ρ.
319 1764 396 1801 689
421 1760 468 1800 P.
493 1761 576 1805 vl,
601 1763 638 1798 5.
666 1760 696 1797 1.
716 1773 756 1811 Ρ.
779 1762 854 1798 236
877 1759 974 1797 Kr.:
1024 1759 1229 1798 »Lucilius
1254 1759 1295 1797 in
1322 1760 1383 1797 lv
1407 1761 1616 1809 Aethiopus
1642 1758 1740 1797 dixit
1764 1773 1840 1810 pro
1867 1762 2076 1811 Aethiops.-
2112 1766 2340 1806 Rhinocm,

255 1821 452 1868 (-ceros
473 1816 663 1868 Putsch.)
702 1820 801 1855 velut
831 1817 1078 1867 Aethszus.“
1142 1816 1255 1854 Libri
1288 1830 1481 1856 numerus
1513 1817 1555 1855 in
1594 1815 1768 1855 Putschii
1800 1817 1974 1857 editione
2013 1817 2263 1863 desideratur
2298 1828 2341 1863 et

258 1876 458 1918 K'rehlius
481 1874 578 1913 nihil
604 1875 656 1914 de
681 1889 731 1913 eo
757 1875 987 1913 annotavit:
1040 1888 1161 1925 quem
1188 1874 1280 1913 licet
1305 1875 1480 1913 eundem
1507 1874 1697 1927 praebeat
1723 1874 1846 1912 editio
1872 1876 2137 1927 Neapolitana
2164 1891 2199 1916 a.
2229 1883 2340 1928 1520,

261 1939 403 1975 tanen
436 1932 626 1972 vitiosum
658 1946 743 1971 esse
774 1930 1154 1971 confido.1)ousa
1181 1932 1347 1985 quidem
1378 1931 1459 1973 hoc
1492 1939 1624 1972 totum
1650 1931 1923 1989 fragmentum
1949 1933 1999 1972 ad
2025 1932 2168 1972 ludum
2193 1933 2343 1986 gladia-

262 1992 417 2032 tou-ium
440 1992 581 2031 referri
616 1998 656 2029 et
682 1991 732 2028 fr.
760 1994 808 2028 12
833 1990 925 2027 libri
952 1990 1012 2026 lv
1040 2002 1132 2026 cum
1159 2002 1209 2025 eo
1235 1992 1417 2028 connecti
1443 1991 1592 2028 voluit·
1644 1991 1714 2028 sed
1747 1991 1868 2028 nimis
1901 1990 2014 2027 facile
2046 1990 2111 2028 ille
2143 1990 2222 2029 levi
2247 1991 2343 2033 huic

260 2049 582 2102 mpentinaeque
603 2045 817 2098 suspicioni
844 2046 1058 2084 obsecutus
1078 2051 1148 2082 est.
1173 2065 1226 2072 —
1249 2047 1412 2083 Broncus
1434 2051 1531 2083 novit
1552 2050 1633 2084 lam
1617 2062 1675 2084 tus
1704 2048 1802 2084 Ven.
1817 2047 1907 2085 Bas.
1922 2047 2045 2085 Merc.
2062 2052 2095 2085 l.
2121 2051 2341 2091 nooa'llaniue

259 2105 392 2147 Merc-
419 2109 457 2144 2.
493 2108 685 2145 Branchus
715 2119 830 2141 novus
864 2106 987 2145 lanius
1017 2102 1120 2150 conj.
1148 2101 1191 2140 P.
1216 2101 1386 2141 Merula.
1425 2105 1627 2142 bovillanus
1658 2116 1691 2141 c.
1719 2103 1897 2142 Turneb.
1923 2103 2026 2143 Adv.
2055 2107 2122 2152 17,
2153 2108 2215 2145 24.
2254 2117 2343 2148 ovat

255 2164 386 2203 lamus
419 2176 454 2201 c.
484 2164 533 2201 A.
559 2161 717 2200 Junius.
768 2164 848 2199 obit
880 2175 914 2199 c.
948 2161 989 2198 J.
1015 2160 1155 2197 Dousa
1188 2166 1227 2196 et
1261 2160 1490 2198 palmerius.
1541 2162 1653 2199 Bovis
1685 2173 1760 2212 ego
1793 2161 1929 2213 scripsi
1959 2169 2129 2214 propter
2160 2176 2206 2201 ea
2239 2176 2343 2216 quae

262 2227 509 2274 sequuntur.
547 2223 645 2259 velut
670 2221 898 2258 Rhinoceros
922 2220 1140 2269 Aethiopus.
1190 2216 1483 2257 Rhinocerotes
1509 2217 1636 2265 enim,
1663 2217 1730 2271 qui
1757 2218 1851 2258 alias
1877 2233 1973 2258 cum
1997 2219 2217 2273 elephantis
2242 2236 2344 2276 pug-

265 2292 383 2318 nasse
407 2285 643 2324 narrantur,
669 2278 1025 2330 componebantur
1048 2276 1170 2314 etiam
1194 2290 1289 2314 cum
1306 2276 1443 2315 tauris.
1492 2276 1689 2316 Martialis
1707 2278 1815 2325 XLV,
1838 2280 1889 2317 53
1914 2277 2216 2321 rhinocerotem
2240 2281 2342 2322 tami

264 2334 460 2375 ¹rictorem
484 2336 685 2377 celebrat:

629 2412 755 2455 Nuper
781 2408 818 2443 in
846 2410 1006 2444 Ausonia
1034 2405 1165 2442 domini
1193 2413 1364 2454 spectatus
1389 2416 1496 2445 tren·

631 2462 697 2492 nie
724 2462 791 2492 erit
810 2459 878 2492 illo
905 2461 986 2501 tibi,
1017 2462 1074 2491 cui
1100 2460 1171 2501 pila
1198 2465 1365 2492 nunno
1366 2464 1429 2491 rae.

266 2521 319 2563 es.
344 2522 484 2575 Spect.
511 2521 579 2561 lx.
648 2523 713 2561 De
744 2538 789 2563 ea
821 2524 938 2562 belua
973 2523 1125 2562 Plinius
1150 2523 1203 2561 N.
1231 2524 1280 2562 H.
1307 2525 1522 2570 v111,2o,
1545 2523 1598 2562 29
1628 2519 1681 2562 ita
1714 2522 1906 2576 scripturn
1930 2525 2116 2579 reliquitx
2166 2524 2340 2568 „Iisdem

268 2580 375 2620 ludis
399 2578 613 2633 (Pompeii
639 2579 794 2632 Magni)
819 2588 859 2620 et
881 2580 1118 2620 rhinoceros
1143 2579 1260 2620 unius
1285 2580 1325 2621 in
1351 2595 1448 2621 nare
1475 2593 1643 2629 cornus,
1675 2586 1796 2634 qualit
1820 2599 1933 2636 saepe
1958 2588 2067 2625 ottus.
2118 2583 2341 2639 (Aethiope

268 2639 352 2678 duo
391 2648 478 2678 es'se
514 2652 666 2678 cornua
704 2639 816 2677 testis
848 2639 1060 2677 Pausanias
1095 2640 1162 2685 lx,
1194 2643 1264 2685 21,
1288 2644 1325 2678 2.
1373 2641 1425 2679 cf.
1450 2641 1519 2677 Jo.
1545 2640 1680 2692 Argoi.
1715 2643 1755 2679 in
1784 2642 1972 2694 Onuphr.
2008 2644 2130 2681 Panv.
2162 2642 2214 2681 de
2239 2643 2341 2685 Lud.

271 2695 378 2737 Circ.
404 2697 464 2744 ll,
487 2700 526 2736 3.
551 2710 592 2749 Ρ.
618 2697 727 2745 382).
777 2695 892 2735 Alter
915 2696 979 2735 hic
1005 2696 1160 2761 genitus
1186 2696 1310 2736 hostis
1336 2697 1576 2750 elephanto·
1614 2711 1738 2738 cornu
1772 2699 1822 2738 ad
1849 2713 1941 2738 saxa
1968 2699 2106 2738 limato
2132 2708 2343 2755 praeparat

270 2765 314 2792 ae
338 2767 513 2806 pugnae,
543 2755 585 2793 in
610 2753 870 2792 dimicatione
895 2753 1030 2791 alvum
1055 2753 1228 2792 maxime
1253 2762 1416 2807 petens,
1448 2767 1570 2807 quam
1597 2754 1668 2793 scit
1694 2770 1779 2795 esse
1805 2756 2048 2796 molliorem.
2057 2768 2077 2785 ·‘
2100 2777 2153 2788 —
2174 2760 2342 2800 Bm

271 2822 390 2850 meae
415 2810 506 2850 edd.
530 2811 674 2860 Nonii,
704 2811 776 2851 sed
802 2824 826 2851 a
852 2810 1037 2851 Victorio
1061 2811 1113 2850 ad
1139 2812 1256 2852 Varr.
1281 2812 1332 2851 de
1357 2812 1685 2861 R.R.11,7,3
1710 2820 1895 2853 notatum
1919 2813 1987 2853 hie
2010 2820 2053 2854 et
2077 2817 2204 2871 cqite
2226 2827 2341 2858 nono
