2601 3308
110 247 122 254 -
164 247 170 249 -
223 279 334 327 ..λ’
375 277 623 383 cmffent‘
668 276 804 336 Cruq.
846 273 895 320 in
930 276 1041 321 nor.
1081 276 1251 328 San-1,
1298 283 1349 329 6,
1398 281 1538 322 1002>
1587 272 1783 331 nautica
1826 291 1881 323 ex
1926 255 2312 344 Quo-jhs

203 349 426 403 mptum
458 354 483 383 e
538 354 550 384 :
2169 375 2173 379 s

393 424 446 484 ἒ)
492 421 724 480 Mantica
753 422 937 470 canteri
963 432 1118 470 costas
1147 422 1374 485 gravitate
1399 418 1650 485 premebat.

208 523 390 574 caballo
421 521 610 587 ἓςγατῖνῃ
642 542 747 570 usus
781 534 863 578 est,
897 524 1006 570 sicut
1035 526 1143 569 Cato
1178 523 1419 578 censorius,
1452 541 1585 585 quem
1617 525 1782 569 Seneca
1814 538 1884 584 ep.
1906 530 1966 571 8'1
1989 518 2281 579 'scribit'eauf-

204 587 321 638 te‘r'io
357 595 535 635 vectum
578 595 622 632 et
657 585 796 648 hippo
831 584 914 631 eris
956 584 1133 647 quidem
1173 584 1405 648 impositis,
1451 594 1501 631 ut
1544 601 1692 637 secum
1734 582 1853 630 utilia
1895 591 2104 647 portaret.
2154 587 2282 644 not:

206 648 430 715 migrandi
464 664 603 720 genus
642 646 760 691 idem
815 646 1000 692 audibus
1039 648 1165 691 essert
1195 647 1222 690 l.
1254 665 1312 691 m.
1343 657 1392 691 ut
1431 646 1508 689 sim
1542 646 1610 690 lex
1648 645 1949 717 corruptisque
1987 664 2091 692 suae
2131 646 2281 693 aetatis

209 712 409 760 moribus
431 711 637 759 ahenum,
670 707 792 767 quod
809 709 939 752 etiarn
965 709 1021 753 ab
1038 708 1220 753 Horatio
1246 708 1486 753 ostenditur
1522 741 1531 751 .
1550 706 1620 751 d.:
1657 710 1822 754 „Nunc
1837 707 1945 752 mihi
1959 719 2084 752 curto
2101 708 2165 754 ire
2180 709 2299 763 hed

212 771 335 821 mulo
367 770 433 819 vel
464 768 498 815 si
529 766 635 813 libet
663 785 805 839 usque
829 771 1092 823 Tarentum,
1124 769 1311 816 mantica
1341 768 1410 815 cui
1439 767 1612 814 lumbos
1638 784 1773 813 onere
1795 766 1962 815 ulceret
1986 777 2115 830 atque
2145 784 2281 831 eques

212 850 375 884 armos,
394 846 417 865 «
489 839 532 873 et
563 828 817 890 intelligitur
849 848 873 874 e
906 830 1040 875 schol.
1068 835 1194 876 Am:
1263 853 1285 872 »
1304 835 1526 891 Pauperes
1560 846 1695 890 quum
1726 827 1917 873 insident
1945 828 2150 889 jumentis
2180 839 2284 901 post

209 911 257 939 se
297 891 487 937 sarcinas
523 889 702 933 habent.
722 906 744 925 «
829 889 1000 934 Eodem
1039 889 1173 934 modo
1211 890 1425 934 Lucilium
1464 908 1509 934 se
1550 888 1693 934 itineri
1730 889 1998 935 commisisse
2031 908 2086 935 eo
2117 889 2283 938 famlius

209 951 331 1001 credi
359 960 526 1015 potest,
559 949 679 1012 quod
706 967 842 1013 quum
873 960 1124 1014 temporum
1158 950 1315 1013 quibus
1347 950 1427 996 suit
1449 949 1774 1013 propinquitate
1805 959 1899 996 tum
1928 949 2121 1013 quadam
2152 949 2286 997 animi

211 1013 489 1062 n’militudine
523 1015 691 1056 Catone
723 1013 982 1072 conjunctus
1016 1024 1091 1058 est.
1167 1016 1327 1076 Neque
1359 1023 1506 1057 tamen
1540 1012 1656 1057 solus
1676 1030 1943 1084 ‘peragrasse
1973 1011 2160 1067 Italiam,
2206 1009 2285 1057 sed

212 1087 390 1140 praeter
420 1092 609 1138 puerum
649 1075 714 1133 (v.
750 1074 936 1120 Casanb.
968 1074 1014 1120 in
1046 1078 1170 1124 Pers.
1200 1078 1254 1133 V,
1291 1076 1412 1137 140),
1444 1073 1616 1128 videtur
1645 1092 1741 1126 viae
1773 1092 1942 1122 socmm
1971 1073 2176 1123 habuisse
2207 1072 2286 1125 ali·-

214 1156 349 1204 quem
381 1136 584 1186 amicum.
647 1154 688 1186 v.
719 1139 792 1185 Fr.
828 1147 868 1184 5.
903 1146 973 1186 14.
1007 1146 1081 1187 35.

210 1273 215 1278 ¹
273 1294 321 1337 3.
380 1290 555 1336 Nonius
588 1293 819 1347 Vn1,146.
849 1306 891 1350 p.
925 1297 1015 1336 489
1049 1292 1188 1336 Merc.

505 1388 764 1433 Praeterea
794 1387 886 1432 hoc
917 1388 1001 1432 iter
1031 1403 1170 1432 omne
1200 1384 1417 1431 labos-um
1447 1395 1514 1432 est
1544 1394 1685 1449 atque
1715 1386 1930 1432 lutosum.

216 1487 375 1536 Strabo
398 1489 455 1539 V,
491 1496 544 1531 3:
581 1484 765 1529 ‘'An-aera
798 1482 847 1543 (ἧ
874 1483 1041 1540 Λατίνῃ)
1073 1484 1182 1529 ἐστὶν
1211 1479 1426 1539 εὐδαίμων,
1458 1485 1616 1546 inquit,
1647 1484 1718 1530 aa}
1749 1483 1979 1543 παμφᾶςος
2004 1482 2114 1535 witi!
2139 1479 2287 1542 o'Mym

217 1547 372 1611 χωρίων
397 1546 473 1593 τῶν
497 1542 615 1592 notro).
637 1545 707 1595 τὴν
733 1544 967 1607 παςαλίαν,
999 1544 1083 1592 ὅσοι
1109 1538 1239 1596 ἑλώδη
1262 1544 1332 1591 καὶ
1360 1544 1504 1608 twega)
1526 1544 1591 1591 οἷαι
1611 1542 1668 1592 ταὶ
1691 1545 1770 1592 τῶν
1796 1537 2012 1606 ’Δςδεαιτῶν
2035 1545 2106 1591 καὶ
2128 1539 2292 1605 μεταξὺ

227 1606 371 1655 Aua-{ov
397 1602 693 1710 καίὂαουϊνίου
716 1605 841 1667 μέχςι
862 1602 1085 1664 Πωμεντίου
1106 1605 1181 1653 καί
1198 1622 1305 1653 τινων
1330 1605 1402 1657 τῆς
1428 1605 1635 1659 Ennium·
1658 1602 1825 1665 χωρίων.
1860 1605 1925 1652 Cf.
1940 1609 2094 1652 Senec.
2112 1622 2181 1667 ep.
2200 1611 2257 1652 1ss

214 1678 263 1714 et·
287 1671 419 1714 Mart.
514 1698 527 1718 ,
561 1673 633 1709 60.
2246 1684 2255 1694 ‚

277 1812 323 1855 4.
389 1801 554 1854 Gellius
586 1807 710 1857 XVI,
745 1814 802 1850 9:
862 1801 1045 1865 Susque
1066 1804 1214 1866 deque
1218 1803 1333 1864 fero
1366 1814 1440 1850 aut
1470 1820 1637 1868 susque
1658 1804 1806 1868 deque
1828 1801 1979 1851 habeo
2008 1803 2196 1852 verbum
2226 1817 2292 1853 est

219 1889 272 1919 ex
302 1869 533 1916 bominum
573 1866 802 1912 doctorum
835 1864 1130 1918 sermonibus,
1179 1865 1223 1910 in
1256 1866 1469 1927 poematis
1504 1884 1680 1928 quoque
1719 1876 1762 1912 et
1792 1865 1838 1911 in
1871 1865 2062 1929 epistolis
2092 1878 2292 1916 veterum

222 1933 430 1994 scriptum
464 1941 506 1975 et
538 1928 817 1991 plurifariam.
866 1950 929 1958 —
987 1926 1210 1986 Significat
1239 1943 1406 1988 susque
1438 1929 1586 1990 deque
1600 1930 1732 1987 serre
1766 1928 1912 1971 animo
1945 1945 2088 1989 aequo
2121 1947 2215 1984 esse
2245 1939 2293 1988 et

221 1993 341 2055 quod
382 1991 537 2037 accidit
574 2007 665 2034 non
703 1987 852 2048 magni
891 1985 1087 2046 pendere
1131 1996 1260 2045 atque
1301 1987 1521 2032 interdum
1561 1988 1783 2048 negligere
1825 1997 1867 2031 et
1898 1999 2200 2045 contemnere,
2247 1999 2293 2035 et

219 2052 547 2118 propemodum
579 2049 625 2094 id
657 2048 772 2096 valet
804 2046 924 2109 quod
958 2045 1115 2091 dicitur
1147 2063 1302 2108 graece
1335 2042 1584 2109 α’διαφοςεῖν.
1653 2047 1841 2094 Lucilius
1872 2047 2107 2111 in·terti0;

513 2150 694 2195 Verum
725 2147 845 2190 haec
877 2146 1017 2189 ludus
1048 2144 1129 2194 ibi,
1165 2161 1334 2207 susque
1365 2145 1530 2189 omnia
1561 2145 1708 2207 deque
1722 2146 1955 2206 fuerunt:

508 2224 689 2284 Susque
713 2217 829 2278 [et]
850 2220 999 2279 deque
1009 2220 1152 2278 suere
1173 2244 1236 2251 —
1256 2220 1457 2279 inquam
1477 2243 1539 2251 —
1562 2220 1743 2269 omnia,
1776 2222 1906 2267 ludu'
1919 2221 2157 2285 jocusque.

507 2296 641 2341 Illud
672 2311 787 2355 opus
819 2294 1009 2346 durum,
1054 2302 1104 2338 ut
1135 2292 1347 2337 Setinum
1379 2292 1645 2338 accessimu'
1661 2293 1844 2353 finem.-

510 2367 740 2426 Αἰπύλοφοι
772 2374 971 2415 montes,
1014 2365 1202 2410 Aetnae
1234 2381 1412 2416 omneS,
1461 2365 1616 2426 asperi
1643 2365 1863 2413 Athones.

220 2466 337 2514 Setia
385 2482 410 2510 a
451 2464 649 2510 Martiale
688 2467 764 2518 IV,
812 2474 892 2519 64,
933 2473 990 2510 33
1036 2472 1079 2509 et
1115 2466 1239 2517 XIII,
1293 2472 1376 2509 112
1416 2459 1609 2526 pendula
1654 2473 1855 2519 vocatur,
1979 2464 2019 2512 ia
2060 2464 2202 2529 posita
2243 2465 2292 2513 in

219 2527 437 2574 montium
467 2526 573 2587 jugo
608 2526 724 2586 quod
756 2526 871 2585 juxta
902 2525 1165 2587 Pomptinos
1197 2542 1375 2587 campos
1416 2525 1472 2569 ad
1504 2528 1708 2570 Asturam
1747 2544 1885 2589 usque
1916 2482 2080 2573 meen
2112 2537 2293 2590 proten-

221 2589 337 2636 ditur
369 2589 424 2635 ab
460 2599 650 2634 extrema
685 2586 775 2646 ejus
808 2606 883 2632 ora
914 2599 1125 2648 tanquam
1159 2604 1210 2631 ex
1247 2586 1467 2650 crepidine
1501 2585 1689 2648 quadam
1720 2586 1765 2633 in
1791 2587 2037 2649 subjectam
2068 2588 2292 2653 planitiem

195 2651 441 2724 prospicit.
531 2649 704 2695 Cluver.
738 2648 828 2693 Ital.
862 2660 945 2693 ant.
981 2651 1062 2702 ΙΙΙ,
1098 2657 1137 2693 8.
1171 2665 1212 2709 p.
1250 2659 1380 2695 1⁰22.
1476 2651 1514 2693 Ε
1546 2648 1728 2710 patentis
1744 2649 1891 2712 *igitur
1923 2651 2065 2715 campi
2098 2669 2291 2715 aequore

222 2731 267 2758 m
303 2714 452 2759 locum
495 2721 785 2775 praeruptum
832 2710 1067 2756 ascendere
1106 2727 1371 2772 superasque
1412 2708 1597 2756 evadere
1640 2710 1697 2757 ad
1735 2728 1862 2758 auras
1900 2712 1989 2760 hoc
2029 2730 2160 2776 opus,
2218 2714 2293 2761 hic

221 2773 347 2819 labor
379 2784 452 2819 est.
526 2769 647 2836 Virg.
681 2776 791 2819 Aen.
824 2775 905 2826 VI,
942 2782 1041 2819 129.
2248 2791 2250 2794 v
