2601 3308
365 310 439 357 24.
502 313 623 359 Serv.
652 309 701 354 in
730 308 852 371 Virg.
883 310 992 355 Aen.
1023 310 1069 364 Ῐ,
1101 318 1206 356 244.

494 394 545 454 ⁸)
593 389 722 457 (Et)
748 394 1120 457 promontorium
1149 393 1288 456 termis·
1315 395 1580 455 superamu’
1610 395 1874 442 Mz'neroae.'

300 480 372 530 Ab
404 490 598 527 extremo
630 479 718 526 hoc
748 478 1073 552 promontorio,
1106 496 1157 524 ex
1182 496 1271 549 quo
1305 480 1409 523 alta
1428 480 1683 540 procelloso
1709 481 1971 540 speculatur·
1993 484 2148 532 oeru'ce
2171 486 2362 543 Pallas.

303 545 500 605 Capreae
538 540 676 589 insula
717 542 928 603 dlsjuncta
958 539 1089 585 trium
1121 539 1288 586 milium
1328 540 1453 585 sreto.
1518 543 1622 587 Tac.
1654 545 1766 587 Ann.
1798 545 1880 597 IV,
1916 553 1986 591 67.
2079 549 2131 593 In
2224 549 2281 596 od
2311 561 2365 598 ut

300 604 475 649 intravit
505 604 645 658 navis,
697 607 797 649 vela
828 603 1027 656 cadunt,
1075 603 1212 647 remis
1241 603 1500 661 insurgitur.
1580 603 1701 666 Virg.
1733 607 1842 648 Aen.
1871 609 1952 659 111,
1986 615 2088 654 207.
2202 609 2231 655 d
2261 611 2367 659 alias

300 674 484 728 propter
503 676 733 712 ventorum
762 662 1023 709 mutationes
1048 664 1182 709 fiebat
1212 682 1325 726 quae
1348 664 1393 707 in
1417 664 1638 708 flectendis
1696 667 1972 712 romontoriis
1999 686 2132 731 saepe
2154 671 2366 718 maximae
2436 707 2440 710 -

302 726 562 778 sentiuntur,
610 725 712 771 alias
751 735 934 788 propter
971 725 1188 789 scopulos.
1282 724 1352 772 Ab
1391 742 1445 771 eo
1486 735 1632 772 autem
1687 727 1788 790 ongi
1827 729 2083 792 angustique
2121 730 2236 778 illius
2273 732 2368 796 iugi

300 786 453 841 latere,
485 787 604 848 quod
638 787 737 830 satis
769 805 977 850 praeceps
1012 789 1148 850 vergit
1178 788 1223 833 in
1256 787 1398 833 sinum
1430 791 1713 845 Paestanum,
1744 800 1831 835 tres
1852 801 1953 837 sunt
1981 792 2159 856 exiguae
2181 793 2365 853 insu-lae,

301 865 415 912 quae
445 846 716 896 vocabantur
746 848 987 895 Sirenusae.
1048 849 1192 897 strab.
1224 851 1267 907 1,
1300 859 1341 896 2.
1391 852 1445 904 V,
1479 860 1518 896 4.
2266 854 2269 856 “

359 977 436 1023 25.
501 976 720 1022 Charisius
751 980 806 1022 ΙΙ.
837 996 881 1040 p.
918 951 1051 1026 1822*
1076 979 1309 1025 Localibus
1341 978 1556 1025 adverbiis
1589 978 1724 1040 gratia
1758 977 1957 1024 dictionis
1989 979 2102 1026 inest
2130 981 2303 1038 multas
2327 984 2369 1031 si⁴

300 1038 495 1147 ἓὲυὲἰεηῖῗι
495 1039 679 1145 1:iatIiP'qus
718 1038 910 1103 deligens
946 1039 1163 1104 producat
1197 1041 1244 1085 in
1274 1040 1479 1086 medium.
1572 1043 1728 1103 Longe
1759 1056 1843 1102 pro
1872 1039 2145 1104 longitudine
2175 1044 2366 1093 Lucilius

1286 1163 1424 1223 longe
1454 1161 1546 1209 tria
1576 1162 1715 1208 milla
1739 1178 1982 1224 passuum,

360 1289 434 1334 26.
495 1289 670 1335 Probus
700 1289 745 1333 in
776 1288 894 1351 Virg.
929 1291 1088 1351 Georg.
1119 1291 1206 1345 ΠΙ,
1240 1298 1344 1337 146.

491 1374 541 1433 ⁴)
592 1375 825 1435 Quattuor
855 1374 966 1418 hinc
996 1375 1145 1418 Silari
1172 1376 1242 1418 ad
1258 1375 1448 1435 flumen
1472 1382 1752 1435 portumque
1780 1374 2063 1422 Alburnum.

303 1457 528 1504 Cluverius
567 1459 643 1520 qui
672 1459 765 1521 ipse
796 1458 912 1503 hanc
943 1458 1169 1520 regionem
1202 1458 1310 1504 obiit
1339 1458 1385 1504 in
1416 1463 1465 1504 It.
1496 1469 1581 1504 ant.
1612 1476 1656 1521 p.
1694 1468 1841 1505 1254:
1898 1464 2100 1508 »Portus
2130 1461 2367 1523 Alburnus,

301 1519 462 1582 inquit,
504 1519 626 1565 haud
659 1519 790 1566 dubie
832 1519 987 1565 eodem
1020 1520 1099 1565 suit
1131 1520 1232 1575 situ,
1279 1520 1354 1566 ubi
1387 1538 1505 1567 nunc
1534 1520 1737 1580 trajectus
1777 1530 1841 1566 est
1871 1521 2053 1569 inferior
2087 1524 2276 1574 fluminis
2305 1532 2370 1576 111

303 1581 473 1626 circiter
508 1582 639 1626 millia
678 1600 702 1627 a
741 1582 875 1625 mari:
929 1581 1091 1641 quippe
1129 1581 1201 1626 hic
1237 1582 1282 1626 in
1315 1582 1435 1627 laeva
1476 1582 1612 1626 amnis
1652 1582 1744 1641 ripa
1782 1583 1938 1627 veteris
1976 1585 2066 1629 sive
2090 1588 2248 1647 templi
2279 1589 2370 1636 sive

303 1642 463 1687 castelli
485 1641 634 1686 ruinae
653 1641 899 1686 etiamnunc
914 1641 1080 1702 vulgari
1095 1641 1308 1686 vocabulo
1331 1640 1482 1685 incolis
1500 1640 1701 1686 dicuntur
1714 1641 1944 1685 Alsurno.«
1962 1666 2024 1675 —
2044 1643 2171 1689 Illum
2188 1664 2366 1695 versum
2388 1678 2395 1682 ⁴

305 1703 362 1749 ad
387 1704 506 1747 hunc
529 1703 689 1746 librum
715 1700 1029 1745 restituendum
1059 1718 1151 1744 esse
1183 1702 1350 1761 putavit
1371 1705 1541 1754 Dousa,
1572 1717 1655 1744 nec
1684 1717 1765 1761 ego
1793 1718 2047 1763 repugnem.
2108 1707 2187 1750 Est
2215 1716 2366 1756 tamen

305 1762 427 1826 quod
464 1762 707 1822 ambigam:
770 1780 871 1806 nam
912 1761 1035 1806 Silari
1074 1761 1231 1805 ostium
1275 1779 1298 1806 a
1338 1761 1519 1806 Salerno
1557 1771 1673 1804 recta
1714 1761 1839 1804 distat
1877 1762 2048 1807 circiter
2083 1763 2212 1810 vicies
2247 1769 2367 1817 mille

338 1842 469 1870 assus.
550 1827 720 1881 Quare,
763 1822 843 1866 nisi
876 1822 987 1866 sorte
1020 1821 1161 1880 major
1191 1821 1362 1866 numeri
1399 1839 1499 1881 pars
1531 1839 1631 1866 cum
1664 1821 1948 1867 antecedente
1979 1842 2111 1871 versu
2141 1825 2369 1886 intercidit,

305 1841 480 1932 gifficile
512 1885 593 1929 erit
623 1883 866 1947 explorare,
899 1898 923 1926 a
956 1898 1045 1945 quo
1075 1881 1175 1927 loco
1206 1898 1253 1927 se
1284 1880 1341 1927 ad
1372 1881 1559 1930 Silarum
1588 1881 1759 1933 venisse
1789 1882 1982 1932 Lucilius
2013 1883 2180 1935 dixerit.

367 2019 443 2067 27.
504 2019 624 2067 Non.
642 2019 685 2068 1,
720 2023 822 2071 316,
852 2032 896 2078 p.
925 2024 1010 2062 63:
1056 2017 1252 2061 Grumae
1283 2022 1384 2060 sunt
1412 2012 1510 2061 loca
1541 2012 1707 2070 media,
1737 2015 1783 2062 in
1815 2035 1929 2079 quae
1961 2017 2151 2068 directae
2183 2035 2372 2085 quatuor

306 2099 469 2143 congre
502 2091 630 2125 antur
661 2089 704 2123 et
735 2077 1000 2122 conveniunt
1026 2076 1134 2121 viae.
1194 2079 1274 2121 Est
1306 2086 1450 2121 autem
1483 2093 1636 2139 gruma
1668 2094 1872 2124 mensura
1906 2080 2143 2141 quaedam,
2175 2102 2260 2145 qua
2283 2085 2369 2130 fixa

306 2143 402 2192 viae
442 2098 500 2189 a}
534 2142 692 2187 lineam
732 2138 990 2200 dirigantur,
1034 2147 1084 2182 ut
1122 2147 1187 2182 est
1223 2137 1568 2200 agrimenscrum
1608 2148 1650 2183 et
1686 2138 1848 2185 talium.
1920 2141 2088 2189 Ennius
2117 2143 2189 2190 lib.
2220 2147 2370 2193 XVIII

305 2222 478 2265 gruma
508 2204 701 2264 dirigere
732 2200 852 2256 dixit,
898 2200 1169 2261 degrumari
1193 2217 1300 2247 vero
1330 2200 1523 2247 Lucilius
1552 2199 1625 2246 lib.
1656 2203 1746 2245 111:

1648 2289 1771 2318 Olam
1806 2288 1862 2320 ue

599 2348 657 2396 V
651 2348 691 2394 is
721 2346 1000 2407 degrumari,
1042 2353 1100 2392 ut
1125 2344 1288 2391 castris
1316 2360 1500 2390 mensor
1514 2345 1649 2406 facit
1678 2288 1805 2391 olimq.

315 2437 464 2488 Olim,
496 2434 617 2496 quod
649 2434 959 2495 significatione
989 2447 1071 2493 par
1101 2440 1165 2475 est
1197 2433 1368 2475 Graeco
1399 2429 1614 2476 vocabulo
1645 2430 1768 2485 ποτέ,
1814 2431 2193 2495 interpretandum
2223 2435 2296 2482 hic
2327 2432 2371 2483 et

310 2497 364 2545 sr.
399 2507 455 2545 36
474 2498 582 2558 sere
614 2504 663 2541 ut
692 2496 814 2540 solet.
859 2514 899 2541 v.
933 2497 1050 2539 Serv.
1081 2491 1127 2536 in
1157 2493 1267 2537 Aen.
1298 2495 1378 2546 ΙΙΙ,
1412 2502 1513 2539 541.
1545 2495 1600 2547 V,
1635 2502 1734 2540 125.
1766 2497 1889 2549 VIII,
1922 2505 2028 2542 391.
2094 2497 2158 2541 Cf.
2188 2496 2289 2540 de.
2321 2497 2369 2543 in

311 2561 420 2607 Hor.
452 2563 538 2605 Sat.
569 2563 607 2613 Ι,
643 2567 681 2611 1,
714 2566 770 2602 25
807 2567 849 2600 et
881 2553 1072 2602 Schmid.
1102 2554 1148 2599 in
1180 2553 1232 2613 ej.
1264 2553 1398 2616 Epist.
1429 2558 1470 2609 I,
1504 2563 1550 2609 3,
1586 2564 1655 2602 18.
1747 2558 1814 2601 Ex
1850 2555 2093 2618 insequenti
2122 2556 2366 2617 fragmento

311 2621 563 2684 intelligitur
584 2618 645 2669 ‚ad
674 2617 885 2664 calculum
909 2635 1086 2665 vocasse
1107 2615 1319 2662 Lucilium
1345 2616 1477 2662 totius
1506 2634 1636 2680 quam
1663 2617 1852 2664 confecit
1876 2618 1968 2665 viae
1994 2614 2367 2677 longinquitatem.

251 2733 253 2735 ,
311 2682 365 2729 ld
407 2680 659 2747 opportuno
702 2680 800 2725 loco
844 2681 1005 2725 sactum
1049 2679 1155 2724 mihi
1196 2677 1368 2724 videtur
1409 2697 1502 2725 esse
1546 2689 1647 2743 post
1692 2697 1743 2725 ea
1788 2696 1898 2742 quae
1934 2674 2067 2721 modo
2104 2680 2372 2742 praeposui}

314 2750 451 2809 quare
489 2744 549 2791 sic
586 2742 794 2807 explano:
842 2741 876 2788 si
913 2760 937 2788 a
974 2760 1047 2788 me
1084 2740 1148 2788 vis
1184 2738 1384 2788 locorum
1425 2757 1537 2805 quae
1573 2741 1723 2789 transii
1758 2736 1975 2787 intervalla
2008 2749 2209 2786 accurate
2249 2759 2371 2789 com-

314 2805 459 2871 putari
487 2806 689 2868 viamque
722 2804 778 2850 ad
807 2803 966 2850 lineam
998 2802 1169 2849 definiri
1200 2826 1262 2838 —
1847 2870 1874 2905 2
