2601 3308
259 333 621 392 mm
690 330 980 375 thim
1008 330 1108 373 ub·
1137 343 1174 371 a.
1198 344 1240 371 u.
1266 344 1301 371 c.
1325 333 1402 371 m
1433 327 1992 376 mmm>1m0
2016 329 2149 384 ἴδω,
2187 332 2358 392 dv*

259 393 381 448 pin·
400 390 594 439 nux,
628 403 655 431 a
677 387 942 445 xenophane
967 389 1070 430 duee
1095 387 1296 440 ejusdem,
1319 387 1352 429 si
1377 386 1603 429 Pausaniae
1626 387 1831 431 credimus
1853 391 1936 440 ΠΙ,
1959 393 2023 432 33.
2107 407 2123 420 .
2170 395 2338 430 „Uoewff

269 536 271 538 ·
330 517 396 558 Β.
459 513 678 556 Turnebus
707 513 751 555 in
776 513 879 555 Λᾶν.
903 515 1096 565 XXVIII,
1119 519 1145 557 9
1170 522 1334 570 poetam
1360 516 1491 556 faceto
1518 512 1696 570 quodam
1721 513 1827 554 dicto
1853 527 2049 566 exornare
2066 513 2242 556 conatus

254 584 340 628 quo
364 573 398 613 is
416 573 595 613 minime
620 580 722 626 eget.
761 572 829 612 Sic
849 572 958 611 enim
978 574 1069 613 illex
1102 575 1301 614 -‚.Portam
1320 574 1450 614 itineri
1470 573 1743 627 longissimam
1764 571 1859 611 dicit
1877 572 2010 611 Varro
2034 573 2106 622 (R.
2120 574 2170 613 R.
2184 574 2216 622 1,
2236 576 2273 622 8,
2334 568 2344 579 ’

256 630 389 686 quod,
427 644 556 685 quum
587 631 639 670 ab
664 631 765 670 urbe
790 630 1128 682 proficiscendum
1155 640 1232 680 est,
1275 639 1512 672 cunctamur
1536 631 1682 683 vixque
1712 630 1860 684 pedem
1885 629 2112 679 efferimus,
2157 644 2237 685 qua
2266 622 2344 680 ἃ

258 688 458 730 exivimus
496 688 610 727 facile
649 701 732 740 quo
769 686 1018 727 intendimus
1057 690 1328 742 pervenimus.
1405 688 1591 727 Eandem
1631 688 1869 726 sententiam
1907 689 2100 740 expressit
2137 688 2342 741 eleganter

258 745 459 793 Bucilius',
496 745 564 798 qui
594 743 645 782 ad
677 749 841 796 portam
873 742 1044 797 longum
1077 747 1152 787 iter
1182 747 1252 794 ait,
1290 745 1361 786 sed
1393 751 1534 796 portae
1569 742 1744 782 vicinum
1777 745 2008 792 Salernum,
2045 758 2174 797 quum
2203 751 2342 788 umen

259 801 492 855 longissime
518 800 569 839 ab
589 799 690 838 urbe
712 800 925 840 Salernum
952 803 1078 842 absit:
1115 805 1183 843 Aa
1202 813 1351 855 portam
1375 805 1494 849 mille,
1520 816 1546 839 a
1566 808 1681 851 porta
1704 809 1763 839 cst
1789 805 1925 841 exinde
1949 805 2181 842 Salernum-⁶¹
2231 802 2343 844 Rae&

262 858 461 912 expositio
486 857 653 910 repetita
678 871 701 896 a
729 856 881 898 Carolo
906 858 1122 899 Animadv.
1148 873 1188 911 p.
1208 864 1261 900 90
1287 860 1479 912 placuisse
1503 857 1662 896 videtur
1686 863 1727 896 et
1751 857 1961 910 Stephano
1986 866 2028 899 et
2052 861 2097 900 F.
2117 859 2345 909 Gronovio,

258 916 330 969 qui
354 914 437 955 hoc
461 914 590 955 modo
614 915 658 954 in
678 914 813 954 Gellio
839 916 1074 968 vulgarent:
1117 919 1184 957 Ad
1203 926 1354 968 portam
1378 920 1498 962 mille,
1525 931 1550 954 a
1572 923 1687 966 porta
1711 923 1769 953 est
1794 930 1863 953 sex
1890 919 1976 955 iude
2000 920 2204 961 Salernum.
2253 916 2344 963 Neo

257 972 376 1016 aliter
400 972 554 1014 Dousa.
606 973 666 1013 Ac
692 987 787 1013 sane
812 972 922 1014 idem
948 975 1030 1024 jam
1056 975 1099 1015 in
1125 975 1297 1030 antiquis
1324 974 1521 1015 Macrobii
1548 972 1789 1013 editionibus
1814 972 2004 1022 habetur,
2039 974 2210 1015 Joannis
2234 973 2343 1015 Rivii

257 1045 295 1080 a,-
322 1035 442 1079 1⁶12,
479 1029 650 1070 Arnoldi
674 1031 917 1070 Vesaliensis
943 1046 978 1071 a.
1007 1037 1121 1081 1521,
1158 1034 1201 1072 in
1228 1033 1488 1085 Lugdunensi
1514 1044 1548 1071 a.
1577 1034 1676 1070 1556
1703 1037 1743 1070 et
1767 1031 1808 1069 in
1833 1031 2061 1083 Bipontina.
2113 1033 2272 1081 Verum
2295 1031 2341 1073 in

261 1088 401 1139 Genio
420 1088 590 1129 Feretrii
618 1093 658 1127 et
681 1095 782 1127 teste
802 1089 930 1129 Lione
957 1090 998 1129 in
1024 1091 1298 1143 superioribus
1325 1091 1514 1129 omnibus
1538 1102 1677 1128 versus
1697 1088 1836 1127 Lucilii
1856 1088 1908 1127 ita
1928 1089 2132 1136 scribitur,
2156 1095 2202 1128 ut
2221 1101 2345 1141 supr·

260 1159 288 1188 a
311 1160 381 1187 me
407 1147 551 1187 ceteris
575 1145 834 1199 interpositus
856 1154 916 1187 est
934 1147 1068 1201 itaque
1090 1162 1183 1188 eum
1209 1147 1327 1188 scribi
1353 1161 1514 1188 necesse
1542 1159 1626 1186 esse
1652 1152 1693 1185 et
1711 1144 1864 1185 Gellius
1890 1152 1931 1184 et
1953 1144 2187 1194 Macrobius
2211 1144 2344 1195 manig

260 1204 368 1246 testo
388 1203 620 1244 ostendunt.
660 1203 851 1253 Quorum
870 1204 958 1243 ille:
989 1205 1307 1258 „Quadrigarius
1333 1206 1374 1243 in
1400 1205 1519 1243 tertio
1537 1204 1754 1242 Annalium
1779 1204 1832 1241 ita
1859 1202 2038 1256 scripsit:
2064 1203 2127 1242 Ibi
2150 1202 2345 1245 occiditur

258 1261 375 1304 mille
398 1261 627 1300 hominum.
678 1258 904 1305 Occiditur,
929 1262 1075 1312 inquit,
1100 1275 1185 1298 non
1211 1261 1459 1298 occiduntur.
1504 1261 1609 1297 Item
1636 1260 1812 1297 Lucilius
1835 1259 1879 1297 in
1899 1260 2019 1302 tertio
2045 1261 2268 1300 Satirarum
2289 1280 2345 1292 —-

258 1316 393 1365 Mine,
429 1315 575 1370 inquit,
614 1322 692 1364 est,
730 1329 817 1355 non
841 1315 953 1355 mille
980 1323 1109 1356 sunta·
1173 1317 1282 1356 Luce
1310 1316 1452 1355 clarius
1479 1322 1540 1355 est
1565 1321 1606 1355 et
1630 1314 1880 1368 apertissime
1904 1322 2016 1368 patet
2040 1324 2099 1356 est
2123 1315 2265 1357 referri
2289 1314 2344 1366 ad
2415 1311 2420 1318 ’

256 1377 384 1414 millu
425 1386 559 1426 neque
585 1386 818 1426 quenquam
844 1373 987 1412 dixisse
1013 1387 1158 1412 censeo
1183 1389 1252 1413 sex
1278 1373 1437 1422 (milia)
1464 1382 1539 1417 est,
1587 1380 1632 1411 ut
1650 1372 1883 1424 Stephano,
1915 1373 2104 1421 Dousae,·
2127 1372 2342 1419 Gronovio

256 1431 392 1481 visum
417 1437 489 1470 est.
548 1430 598 1468 ln
623 1429 807 1469 Turnebi
838 1437 974 1468 autem
1004 1430 1158 1469 ratione
1191 1430 1242 1469 ad
1275 1434 1374 1468 mille
1400 1429 1540 1467 referri
1567 1429 1666 1467 illud
1692 1443 1777 1469 non
1802 1438 1986 1483 oportet‚1
2011 1431 2083 1470 sed
2107 1431 2218 1473 aliud
2242 1429 2343 1488 quid

260 1487 381 1533 facile
407 1486 574 1538 intelligi
601 1492 754 1539 potest,
792 1486 904 1539 quod
930 1487 1098 1526 omnino
1125 1494 1184 1526 est
1209 1494 1349 1526 contra
1377 1486 1496 1526 Gellii
1521 1493 1712 1526 mentem.

388 1544 612 1598 Antiquam
643 1558 863 1597 veramque
893 1545 1130 1597 scripturam
1162 1546 1287 1597 magis
1317 1544 1549 1596 depravavit
1578 1546 1618 1584 J.
1646 1544 1896 1594 Gronovius,
1934 1546 1977 1587 in
2009 1545 2120 1587 hunc
2148 1538 2344 1593 modumi

261 1600 332 1653 Aa
346 1612 497 1656 portum
520 1606 621 1641 mille
644 1617 671 1640 a
693 1604 835 1645 Paesto
863 1611 941 1649 est,
966 1618 1037 1641 sex
1062 1605 1147 1641 inde
1171 1605 1210 1641 S.
1250 1601 1386 1655 sicque
1412 1602 1454 1641 in
1478 1602 1618 1655 priscis
1645 1603 1888 1643 editionibus
1915 1618 1998 1644 esse
2017 1604 2205 1653 affirmat,
2230 1602 2344 1659 quod

261 1675 285 1702 a
311 1661 440 1700 Lione
465 1657 744 1697 addubitatum
769 1657 900 1696 video.
957 1659 1153 1697 ..Portum
1178 1659 1378 1710 intelligit,
1418 1666 1461 1697 ut
1486 1660 1541 1697 ait
1566 1661 1689 1707 Lion,
1727 1661 1972 1708 Alburnum,
2008 1661 2343 1715 propinquiorem

259 1716 407 1769 Raesto
433 1722 474 1755 et
498 1713 824 1767 longinquiorem
855 1727 878 1752 a
905 1713 1091 1761 Salerno,
1128 1715 1182 1752 ita
1208 1721 1271 1761 ut,
1309 1715 1377 1766 qui
1411 1729 1433 1753 a
1459 1715 1601 1754 Paesto
1629 1717 1843 1756 Salernum
1868 1716 2078 1768 petebant,
2114 1726 2184 1758 aut
2207 1720 2342 1771 ipsum

258 1768 428 1841 portum
459 1771 691 1811 Alburnum
724 1769 892 1808 transire
925 1769 1120 1807 deberent
1151 1776 1220 1807 aut
1257 1776 1426 1822 propter
1457 1771 1612 1810 illum«
1675 1774 1866 1812 Attamen
1902 1786 2034 1826 neque
2073 1774 2342 1821 consideravit

260 1829 349 1879 ille,
373 1829 485 1869 unde
509 1829 682 1867 venisset
700 1826 875 1865 Lucilius
901 1833 969 1864 aut
995 1841 1076 1877 quo
1103 1826 1349 1873 tetendisset,
1376 1842 1508 1879 neque
1533 1830 1703 1880 putavit,
1727 1838 1829 1883 quot
1852 1830 1957 1872 inter
1968 1832 2157 1873 Paestum
2182 1840 2223 1876 et
2244 1847 2343 1889 por·

260 1882 355 1931 tum
378 1885 609 1928 Alburnum
635 1890 782 1941 quotve
805 1881 1043 1925 interessent
1066 1881 1177 1925 milia
1200 1882 1307 1925 inter
1330 1883 1439 1925 hunc
1466 1891 1506 1926 et
1530 1884 1756 1929 Salernum.

340 2001 405 2041 ²4.
466 1999 533 2041 Ad
565 1998 828 2041 reficiendum
858 2011 1023 2038 versum
1051 1998 1092 2036 J.
1116 1997 1256 2036 Dousa
1291 1997 1433 2038 suasit}
1480 2003 1815 2051 promontoriolum.
1881 1998 2011 2053 Magis
2048 1999 2198 2042 arridet
2227 2001 2342 2057 quod

261 2054 444 2109 Scaliger
468 2057 728 2107 excogitavitz
763 2057 995 2105 pmmontori
1017 2057 1136 2090 imum.
1203 2054 1395 2101 Similiter
1426 2057 1533 2091 enim
1561 2056 1710 2093 Plinius
1735 2056 1787 2093 N.
1814 2057 1865 2093 H.
1890 2057 1968 2104 IV,
1996 2061 2060 2105 11,
2087 2061 2161 2098 18:
2199 2072 2340 2101 amnem

259 2111 440 2161 Panaca·
463 2117 598 2153 montis
629 2117 705 2152 ima
736 2114 964 2151 ambientem.
1029 2109 1112 2150 Sed
1145 2109 1397 2148 verisimilius
1437 2117 1497 2149 est
1528 2110 1711 2149 Servium
1742 2114 2053 2164 praetermisisse
2089 2110 2339 2168 particulam,

260 2168 390 2224 qualis
408 2175 469 2208 est
487 2172 599 2216 σηίηι,
626 2167 701 2207 nisi
721 2175 923 2207 extremae
943 2167 1047 2206 duae
1066 2166 1242 2219 syllabae
1261 2167 1459 2220 synaeresi
1479 2166 1771 2215 coalescebant,
1797 2175 1840 2207 ut
1853 2182 1916 2222 ap.
1933 2169 2011 2209 Ov.
2024 2171 2123 2211 Met.
2137 2173 2224 2220 XV,
2238 2176 2312 2214 7⁰9
2325 2188 2338 2214 ε

259 2226 355 2266 Indo
385 2229 478 2275 legit
511 2228 676 2278 Capreas
702 2228 1061 2278 promunturiumque
1093 2227 1298 2264 Minervae.
1337 2239 1373 2264 v.
1400 2223 1632 2264 Schneider.
1660 2224 1731 2264 Gr.
1758 2225 1843 2265 Lat.
1871 2228 1901 2265 1.
1927 2241 1967 2279 p.
1980 2231 2042 2268 93.
2096 2228 2254 2281 Quodsi
2283 2230 2339 2273 iia

261 2290 323 2325 est
344 2282 720 2338 pronunciandum,
742 2282 861 2322 facile
887 2296 1024 2322 versus
1042 2282 1351 2322 reconcinnatur
1373 2282 1664 2336 praeponendo
1689 2292 1729 2322 et
1748 2290 1816 2323 aut
1833 2283 1949 2323 simili
1968 2285 2105 2341 aliquo
2123 2287 2336 2331 vocabulo·

338 2409 407 2446 25.
471 2407 674 2446 Charisius
698 2407 872 2447 alterum
905 2406 989 2446 hoc
1013 2406 1244 2460 exemplum
1270 2420 1319 2446 ex
1346 2405 1472 2446 Caelii
1498 2405 1758 2446 historiarum
1783 2407 1916 2461 primo
1943 2410 2090 2452 assertt
2139 2414 2336 2455 duodecies

259 2473 419 2512 natm
436 2468 539 2502 nu‘lia
551 2480 726 2515 passuum
745 2470 863 2514 longe.
901 2466 1022 2505 Plura
1043 2480 1066 2505 e
1087 2464 1243 2505 Catone
1262 2463 1426 2516 aliisque
1447 2464 1607 2517 collegit
1625 2465 1819 2505 Ruddim.
1831 2467 1883 2506 11.
1900 2481 1942 2520 p.
1958 2472 2044 2509 1⁰⁰.
2061 2484 2103 2510 n.
2116 2475 2178 2512 73.
2191 2472 2334 2513 Stallb·

332 2589 398 2629 26.
462 2587 543 2629 Hic
580 2600 721 2628 versus
756 2586 894 2631 leviter
927 2588 1194 2643 interpolatus
1231 2593 1291 2629 est
1327 2588 1435 2644 apud
1474 2589 1681 2631 Probum
1728 2600 1909 2644 quattuor
1941 2595 2027 2634 him
2063 2595 2119 2636 ad
2151 2594 2335 2649 sacrifi

260 2644 447 2686 Restituit
469 2647 555 2695 jam
578 2646 735 2686 Dousa.

333 2758 396 2797 27.
459 2756 509 2795 In
539 2756 673 2795 verbis
704 2755 854 2795 Nonii=
898 2770 975 2808 qua
995 2758 1129 2807 flexae
1161 2754 1280 2798 Basil.
1304 2758 1429 2799 Merc.
1456 2757 1501 2806 101
1537 2754 1692 2806 Dousa.
1729 2756 1899 2800 Porcell.
1929 2772 1968 2800 v.
1999 2774 2157 2814 gmina.
2222 2763 2331 2807 Illud

260 2811 374 2865 quod
396 2812 529 2866 recepi
553 2826 895 2866 supervacaneum
919 2812 1085 2863 judicari
1108 2821 1258 2868 potest,
1294 2816 1366 2855 sed
1389 2815 1567 2856 multum
1598 2822 1732 2856 tamen
1762 2816 1840 2858 hac
1864 2819 1907 2858 in
1930 2834 1975 2860 re
2000 2819 2079 2860 loci
2104 2819 2332 2869 haberem
